2798 4702
440 328 681 395 uncinum
712 329 932 398 amonis.
1152 334 1217 428 407

164 470 271 542 DURA
288 467 406 568 aliquis
422 487 584 570 praecepta
598 486 693 542 vocet
708 498 779 543 mea
794 499 802 542 ε
818 470 900 544 dura
917 471 1057 548 fatemur
1170 497 1219 550 πᾶ

211 587 311 669 Esse3
328 585 403 672 sed,
419 604 458 659 ut
477 584 600 672 valeas,
618 583 723 657 multa
740 583 882 658 dolenda
897 584 990 660 feres.

166 699 257 799 Saepe
272 699 345 771 bibi
360 728 495 785 succos,
514 699 662 799 quamvis
679 699 820 786 invitus,
835 728 964 774 maros

215 813 329 906 AEger‚
348 831 380 887 et
397 814 504 885 oranti
520 840 632 886 mensa
647 832 765 908 negata
782 813 875 887 mihi.

167 931 216 1002 Ut
231 958 352 1031 corpus
366 929 524 1016 redimas,
541 929 663 1003 ferrum
678 929 813 1030 patieris
829 948 863 1005 et
878 930 970 1028 ignes
984 960 993 1018 ;

214 1046 317 1117 Arida
330 1073 389 1118 nec
407 1045 521 1118 sitiens
538 1074 595 1118 ora
614 1043 738 1121 levabis
755 1074 860 1147 aqua:
999 1097 1005 1107 ·
1174 1069 1222 1120 aso

166 1165 214 1235 Ut
229 1162 334 1235 valeas
351 1163 480 1249 animo,
497 1161 679 1263 quidquam
694 1160 832 1237 tolerare
849 1161 1020 1257 negabis?

211 1279 259 1350 At
273 1277 415 1377 pretium
430 1305 506 1377 pars
522 1276 590 1350 haeo
606 1303 745 1377 corpore
763 1277 868 1374 majus
884 1275 994 1349 babet.

164 1393 229 1467 Sed
243 1411 351 1465 tamen
368 1410 418 1467 est
434 1392 513 1465 artis
531 1392 737 1467 strictissima
751 1392 850 1490 janua
865 1409 1006 1481 nostrae,

209 1511 255 1581 Et
270 1506 365 1581 labor
380 1527 431 1582 est
447 1536 534 1581 unus
551 1525 701 1609 tempora
715 1507 823 1609 prima
839 1507 919 1609 pati.

163 1622 336 1724 Adspicis,
353 1641 391 1696 ut
406 1651 545 1723 prensos
563 1641 661 1696 urant
675 1624 754 1722 juga
771 1623 878 1725 prima
886 1623 1078 1722 juvencos?
1174 1646 1223 1697 235

214 1747 262 1818 Ut
276 1774 361 1819 nova
376 1743 520 1819 velocem
538 1745 669 1841 cingula
683 1745 782 1821 laedat
796 1748 947 1848 equum?

168 1868 320 1941 Forsitan
336 1897 355 1941 a
369 1868 510 1942 Laribus
526 1868 642 1968 pauiis
657 1869 745 1944 exire
761 1869 910 1970 pigebit3

218 1992 283 2064 Sed
300 2011 407 2066 tamen
423 1993 550 2067 exibis:
566 1992 683 2068 deinde
700 1994 806 2068 redire
823 1993 925 2067 voles.

167 2114 235 2187 Nec
253 2132 283 2189 te
301 2118 365 2189 Lar
380 2116 521 2216 patrius,
537 2115 596 2189 sed
610 2143 704 2189 amor
718 2116 886 2189 revocabit
902 2114 1031 2198 amicae,

216 2237 423 2311 Praetendens
440 2237 545 2336 culpae
558 2237 731 2337 splendida
746 2237 847 2311 verba
864 2262 940 2310 suae.
1174 2254 1224 2322 240

166 2360 280 2455 Quum
297 2358 398 2433 semel
414 2358 548 2445 exieris,
567 2377 699 2432 centum
715 2357 835 2432 solatia
852 2385 937 2430 eurae

211 2484 257 2554 Et
271 2509 346 2563 rus,
364 2498 396 2555 et
411 2479 567 2568 comites,
581 2498 614 2554 et
628 2480 681 2554 via
695 2478 796 2577 longa
814 2479 950 2554 dabunt

163 2607 232 2678 Nec
249 2606 327 2677 satis
341 2634 411 2679 esse
427 2624 509 2706 puta
525 2604 712 2679 discedere:
729 2604 838 2679 lentus
855 2605 991 2688 abesto,

213 2729 302 2800 Dum
322 2728 439 2828 perdat
455 2729 557 2816 vires,
575 2728 683 2829 sitque
700 2727 772 2802 sine
788 2728 864 2821 igne
880 2725 974 2798 cinis.

168 2848 202 2921 Si
219 2849 284 2923 nisi
301 2849 427 2924 firmata
443 2851 640 2953 properabis
655 2868 763 2926 mente
777 2849 912 2937 reverti,
1175 2862 1223 2930 245

168 3062 344 3118 adulationem
356 3064 483 3133 Augusti,
496 3066 556 3135 quia
562 3065 672 3121 instabat
720 3064 861 3135 repetitum
870 3059 990 3129 eprist.
998 3075 1046 3124 tv,
1059 3076 1097 3110 at.
1108 3058 1224 3110 nomios

167 3143 670 3216 bellumcumParthis.Videsupra1553
717 3152 805 3205 anst,
816 3160 885 3196 unus
894 3138 975 3194 codex
986 3155 1103 3206 :pressos
1113 3137 1219 3194 ieiune,

167 3231 194 3273 ct
205 3221 263 3273 Art.
276 3221 393 3273 Amator.
410 3221 451 3273 lib.
470 3221 499 3288 1,
520 3242 572 3292 ¹77·
719 3222 819 3276 decern.
1109 3256 1112 3261 -

199 3319 255 3370 ano
267 3303 387 3353 Paliuris.
396 3302 504 3353 Patebris
513 3301 616 3371 scripti3
628 3300 670 3354 id·
750 3300 806 3368 ²37·
814 3298 842 3351 A
854 3297 970 3350 brebes.
980 3296 1008 3349 Ε
1018 3295 1126 3348 Iara'ins
1137 3309 1221 3346 unus:

166 3396 217 3446 que
222 3395 334 3445 sequens
341 3397 429 3433 versus
438 3379 614 3448 requiricmbi
621 3397 670 3448 pro
716 3397 749 3431 es
760 3377 833 3431 alter.
844 3376 888 3430 sie
898 3394 930 3428 ex
936 3393 1025 3442 aggere
1032 3377 1100 3432 exii,
1112 3372 1223 3425 Metam.

163 3457 273 3515 lavabis,
290 3454 373 3521 prima
385 3453 466 3509 editio
477 3465 505 3509 et
514 3455 617 3526 scripti,
634 3459 671 3508 le·
717 3455 786 3521 tul,
798 3456 846 3520 524
857 3469 864 3503 :
876 3463 903 3506 et
910 3471 976 3522 saepe
985 3451 1088 3505 eudem
1098 3449 1222 3520 preposi-

164 3536 235 3584 vaiis
249 3551 257 3584 :
276 3543 306 3586 ut
320 3532 402 3602 Epist.
416 3551 464 3600 ru,
485 3537 671 3602 1742mniess
716 3534 802 3587 tiones
812 3531 908 3586 addere
920 3538 1009 3588 emant
1025 3540 1124 3582 veteres
1137 3526 1221 3581 verbis

163 3629 216 3677 que
227 3612 290 3661 leret
298 3612 367 3662 uada
375 3615 452 3663 sric'sn.
464 3611 564 3665 ΗΜ.
717 3631 748 3666 ex
759 3611 809 3666 illis
820 3609 977 3680 compositis.

195 3687 252 3738 235.
264 3689 400 3755 Adspicis,
413 3695 561 3756 atpreasos.
574 3687 671 3741 Melius
750 3693 806 3758 ψ.
826 3692 940 3744 vatam.
958 3690 1043 3743 Debet
1065 3686 1174 3739 Putean.
1194 3694 1220 3738 et

164 3765 191 3818 in
201 3766 310 3819 Palatin.
317 3769 445 3835 Adspicis,
457 3773 673 3835 ulpressosmaei
717 3766 829 3837 Regius:
843 3766 967 3820 Francius
976 3762 1164 3818 volebateaiam
1175 3799 1183 3826 ,
1193 3768 1222 3814 oi

157 3842 225 3910 juga
239 3847 322 3909 prima
331 3844 460 3909 juvencos.
478 3843 552 3897 Dus.
569 3843 671 3897 flurs.
716 3849 760 3897 or'a
770 3850 859 3911 lona,
872 3842 900 3897 id
910 3853 950 3897 est
959 3839 1128 3911 quantumvis
1137 3838 1221 3907 longa.

163 3924 272 3975 Pressas
284 3932 373 3977 tuetur
382 3922 415 3975 ad
428 3922 542 3976 Statium
551 3922 669 3977 Gronov.
752 3923 805 3988 244.
819 3922 877 3975 noe
888 3925 946 3987 ι’μσ
956 3923 1029 3972 cinis.
1042 3919 1101 3971 diae
1109 3922 1166 3984 im
1175 3934 1222 3966 m-

166 4015 265 4067 cap.1x.
282 3998 332 4051 Alii
339 3998 440 4053 codices
445 4018 548 4065 pressos
558 4006 670 4053 :teneros
713 4019 761 4066 μυ
773 3997 891 4052 Lineoln.
904 4009 993 4069 argute
1005 4020 1012 4061 ;
1026 4009 1056 4051 ut
1067 3995 1139 4066 quasi
1152 4004 1223 4048 extu·

168 4077 260 4129 ieiuni
270 4077 389 4131 Francos.
399 4088 426 4129 ct
437 4075 568 4129 Leidenais
578 4114 585 4142 ,
597 4074 668 4144 quod
715 4075 785 4141 ieris,
798 4085 825 4130 et
833 4074 964 4144 sepelietis
974 4094 1082 4129 ornnem
1093 4087 1226 4127 amorem.
