2798 4702
360 326 597 394 Amorum
626 327 704 394 111.
739 326 887 396 enno.
921 327 966 395 x.
1132 354 1196 423 207

183 466 252 539 Cur
267 464 399 540 inhibes
417 467 519 539 sacris
536 465 708 539 commoda
725 484 840 539 nostra
859 467 949 540 tuis?

52 616 55 621 ·
134 581 198 666 Te,
212 581 300 666 Dea,
316 580 504 654 munificam
521 599 636 676 gentes
653 581 855 681 ubicumque
872 579 1075 682 loquuntur;
1184 605 1199 657 5

181 696 250 769 Nec
266 697 377 769 minus
392 695 547 770 humenis
565 696 691 770 invidet
708 695 777 770 ulla
790 696 902 771 bonis.

136 815 238 899 Ante,
251 835 311 885 nec
323 812 445 885 hirsuti
460 812 633 886 torrebant
649 812 735 885 farra
751 810 883 900 coloni,

181 929 250 1001 Nec
263 946 381 1001 notum
399 929 494 1002 terris
511 957 586 1003 arca
598 956 721 1001 nomen
739 945 818 1000 erat.

135 1041 200 1116 Sed
216 1042 368 1139 glandem
385 1058 541 1146 quercus,
557 1042 689 1117 oracula
705 1044 826 1144 prima,
845 1042 1003 1118 [erebant.

182 1159 261 1233 Haec
278 1178 364 1247 erat,
381 1178 414 1234 et
432 1161 537 1235 teneri
553 1160 688 1260 cespitis
703 1159 827 1247 herba,
845 1160 952 1234 cibus.
1171 1202 1200 1236 ιο

134 1273 243 1348 Prima
261 1276 360 1351 Ceres
378 1275 493 1351 docuit
510 1295 694 1372 turgescere
712 1303 823 1349 semen
840 1275 876 1348 in
891 1278 999 1372 ugris;

181 1388 276 1465 Falce
296 1391 458 1466 coloratas
476 1391 712 1491 subsecuitque
728 1419 849 1465 comas.

135 1503 246 1578 Prima
260 1506 343 1604 jugo
362 1524 474 1580 tauros
490 1535 679 1607 supponere
698 1505 784 1581 colla
802 1508 930 1599 coegit3

182 1630 228 1701 Et
244 1646 387 1701 veterem
404 1657 504 1702 curvo
523 1628 619 1702 dente
637 1627 764 1703 revellit
781 1628 929 1702 humum.

137 1749 231 1822 Hanc
249 1750 424 1850 quisquam
440 1749 582 1826 lacrimis
599 1749 702 1825 lutari
719 1751 824 1826 credit
841 1769 1024 1835 amantum,
1173 1778 1201 1828 15

184 1875 230 1946 Et
244 1874 521 1974 bene‘tormentis
538 1875 756 1976 secubituque
775 1876 864 1950 coli?

138 1997 206 2070 Nec
225 2014 332 2071 tamen
349 2015 416 2085 est,
432 2000 580 2098 qnornris
596 2027 695 2094 agros
710 2016 796 2072 amet
813 1997 870 2072 illa
885 1997 1023 2088 feraces,

140 2205 201 2259 reris
212 2217 300 2260 autem
309 2225 409 2260 nomen
423 2204 532 2272 Cicero,
543 2206 575 2259 de
585 2206 646 2259 Nat.
694 2205 848 2277 precessisse
861 2206 1119 2272 necesreestPorro,
1128 2224 1200 2260 mor-

139 2284 563 2355 Deor.11,atgermvutrderivari;
572 2287 645 2354 quasi
695 2284 786 2337 talium
797 2283 874 2353 primi
887 2283 1020 2336 frumenta
1029 2282 1201 2353 sauosrarrqe-

139 2383 154 2415 a
164 2369 276 2432 gerendis
287 2366 411 2435 inopibus.
695 2366 757 2414 bau!
762 2401 768 2423 ‚
784 2380 838 2413 non
852 2361 972 2414 terebant
983 2361 1011 2412 in
1022 2380 1090 2413 area.

172 2443 193 2493 5.
213 2444 308 2495 Gentes
318 2446 470 2511 ubicmque.
481 2443 644 2509 Putemus,
732 2456 768 2490 ro.
785 2440 849 2490 Hoec
862 2441 945 2497 cubus,
965 2444 992 2490 e!
1005 2443 1085 2489 terreri
1100 2444 1202 2505 cespati

138 2521 294 2588 ubiquaque
308 2518 404 2588 :quod
424 2519 467 2572 bic
488 2518 648 2588 adprobabat
694 2518 771 2567 herba
786 2523 860 2567 lorus.
874 2515 1025 2567 Puteaneus
1037 2534 1099 2568 curn
1114 2516 1201 2569 multis

138 2594 201 2647 olim
209 2594 334 2648 Heinsius
347 2615 354 2647 :
367 2595 414 2649 sed
424 2595 457 2648 ad
470 2612 507 2661 11,
518 2597 576 2649 Art.
587 2596 646 2648 Am
696 2593 750 2646 aliis
762 2592 875 2645 melioris
886 2602 973 2644 notae:

139 2674 186 2742 627
197 2713 205 2739 ,
221 2675 265 2727 ubi
278 2673 372 2727 eadem
385 2685 423 2728 m
434 2676 543 2728 val-{9133
553 2715 560 2740 9
573 2693 646 2744 pm.
720 2678 767 2715 Huc
778 2684 835 2723 erut,
849 2685 868 2713 et
878 2676 938 2713 teneri
946 2675 1092 2726 cespitisherbn
1100 2676 1162 2715 cibus.

140 2749 356 2819 tutitubr'cumque.
366 2752 538 2805 Famesianus
550 2751 592 2805 hic
601 2753 648 2806 tra-
696 2748 766 2819 quod
784 2747 943 2817 amplector:
955 2767 1041 2818 neque
1054 2749 1128 2803 aliter
1144 2751 1201 2804 Ju-

140 2826 502 2897 bet‚qeu!esquaecumque:uic
510 2829 579 2898 apud
586 2830 647 2882 Vir·
695 2826 744 2878 reti
757 2835 783 2877 et
796 2825 919 2894 scaligeri
929 2837 1055 2896 excerpta

142 2901 231 2971 gilium
244 2902 286 2957 tib.
297 2919 337 2957 vu
344 2946 351 2972 ,
365 2904 471 2958 AEneid.
483 2909 548 2973 qoo:
731 2923 768 2956 ιι.
779 2905 865 2955 Prr'rrra
874 2905 1092 2956 Ceresdocurtetc.
1102 2902 1204 2955 Confer

216 2987 387 3025 tomumodro
395 2987 601 3038 „numqua-rina.
610 2989 634 3027 Β,
697 2979 771 3051 Virg.
784 2978 880 3050 Georg.
891 2996 912 3046 1,
927 2985 970 3049 ¹47
982 2982 1124 3034 :Nostrum
1137 2981 1202 3033 Met.

173 3059 197 3111 6.
209 3061 262 3113 Nec
273 3065 354 3112 rur'rrus
364 3063 480 3113 humanis
491 3071 539 3115 etc„
553 3061 648 3130 Quum
697 3061 1203 3130 V,341.Fast.rv,4or.-Docu1't.Virg.

142 3138 199 3192 Dea
210 3139 242 3193 sit
250 3140 385 3209 nullaquae
398 3140 520 3194 humente
533 3141 649 3196 felicitati
696 3145 807 3192 ructetur!
814 3181 820 3201 ,
829 3140 877 3193 loc.
886 3140 927 3193 cit.
937 3140 995 3192 eod.
1006 3159 1110 3209 prorsus
1119 3159 1204 3193 sensu.

142 3221 222 3270 miuus
231 3221 351 3276 invideat,
367 3218 425 3285 quis
433 3217 503 3269 illam
513 3229 649 3270 amantum
734 3222 769 3271 15.
789 3220 878 3271 Credit.
891 3221 975 3273 Vetus
986 3219 1062 3272 lectio
1073 3231 1126 3286 cet,
1139 3222 1203 3273 Cre-

140 3292 251 3346 lacrimis
263 3293 343 3346 letari
355 3292 466 3347 credat?
698 3301 758 3350 dul:
767 3298 837 3352 etsie
847 3299 956 3351 omnino
969 3298 1108 3368 legendum
1117 3339 1124 3365 ‚
1134 3311 1163 3351 ut
1171 3299 1204 3352 eit

174 3393 196 3441 7.
213 3373 294 3433 Ante,
309 3392 354 3425 rrec
371 3376 464 3425 hirsuti
472 3383 520 3427 etcr
540 3376 650 3444 Muurfi-
697 3398 787 3432 sensus
799 3397 805 3430 :
818 3377 948 3432 Credibile
961 3397 1016 3431 non
1029 3398 1098 3444 eme,
1112 3389 1165 3431 tarn
1178 3378 1205 3431 li·

139 3471 196 3504 cam
215 3450 295 3512 dixin
309 3451 375 3505 illius
392 3471 464 3505 nunc
481 3472 582 3506 munera
598 3472 649 3507 eo·
696 3458 813 3511 beralern
822 3470 849 3512 et
858 3458 949 3510 mitem
960 3457 1045 3511 Deam
1057 3459 1137 3512 laetari
1147 3478 1206 3512 cru-

139 3530 236 3600 pionius
244 3531 357 3599 exponit,
366 3531 543 3602 undecolliget
552 3532 648 3601 Deam,
697 3536 806 3590 ciatibus
819 3547 845 3590 et
857 3537 994 3589 tormentis
1011 3547 1152 3589 amantum.
1166 3535 1206 3587 M.

141 3630 198 3681 quae
212 3621 250 3664 tot
263 3611 383 3664 homines
395 3613 537 3665 cumularit
552 3612 647 3681 donis,
700 3615 802 3676 Credet,
825 3611 946 3666 meliores
962 3632 1023 3666 curn
1039 3613 1122 3681 prima
1141 3611 1204 3666 edi-

140 3711 196 3746 non
208 3711 268 3746 earn
280 3711 333 3746 esse
347 3710 420 3760 que,
434 3705 482 3746 etc.
698 3691 777 3743 tione.
792 3690 890 3744 Herus.
905 3690 1036 3757 Quidam,
1050 3693 1133 3743 Ridet.

173 3774 196 3825 8.
221 3775 275 3826 Nec
295 3779 378 3824 notum
396 3778 467 3825 terris
483 3791 543 3824 areu
560 3791 649 3824 nomeu
735 3789 771 3834 ¹7·
783 3769 894 3819 Feraces.
908 3768 1032 3820 Francius
1041 3768 1204 3836 conjiciebat,

141 3858 201 3903 erat.
212 3850 268 3905 Nec
282 3850 366 3920 ipsum
378 3851 502 3917 verbum,
511 3868 563 3919 quo
573 3869 645 3911 area,
699 3851 815 3903 Feroces.
837 3857 866 3899 ut
880 3847 1032 3899 conveniret
1044 3859 1076 3918 eq
1092 3854 1189 3902 rustica
1197 3871 1204 3901 :

140 3931 212 3984 locus
227 3931 279 3985 scil.
295 3931 322 3983 in
341 3949 393 4000 quo
411 3930 497 4000 fruges
511 3939 649 3994 teruntur,
698 3923 743 3979 sed
753 3923 988 3989 nihilmoveo‚uisi
1001 3926 1125 3993 quiscum
1136 3927 1207 3981 Scri-

144 4025 216 4060 nunc
227 4006 394 4077 designetur,
407 4017 502 4059 notum
519 4016 582 4058 erat.
597 4005 651 4058 Res
699 4002 762 4055 verii
774 4000 862 4054 codice
874 4002 979 4067 mallet,
991 4023 1065 4070 agros
1076 4008 1145 4057 cola!
1159 4008 1206 4058 illa

145 4081 217 4134 onim
227 4084 304 4138 verba
317 4083 410 4153 quibus
424 4082 650 4151 exprimerentur,
693 4079 796 4146 seroces
808 4099 815 4131 :
827 4079 897 4149 quod
910 4081 1007 4150 optime
1020 4082 1159 4152 respondet
1174 4095 1205 4152 τῷ
