2798 4702
413 363 646 431 intonuit
674 366 703 430 1.
737 366 884 435 nnnc.
918 370 971 434 11.
1203 399 1222 461 7

214 499 376 575 Cedamus
392 530 399 573 ε
418 499 487 576 leve
501 502 557 588 lit,
577 503 669 603 quod
685 505 770 577 bene
783 504 902 593 fertur,
923 534 1018 581 onus.
1193 546 1222 583 ro

167 615 243 687 Vidi
258 644 320 710 ego
336 617 472 714 jactatas
488 636 577 691 mota
594 617 662 693 sace
681 648 823 695 crescere
838 619 1003 698 flammas:

212 732 257 803 Et
272 730 357 818 vidi,
376 731 469 804 nullo
487 734 711 822 concutiente,
727 736 822 808 mori.
836 790 840 797 ·

167 844 309 919 Verbera
325 845 423 945 plura
439 847 567 937 ferunt,
589 878 688 948 quam
706 878 791 948 quos
805 850 897 948 juvat
913 879 994 927 usus
1011 853 1129 940 aratri,

212 959 405 1034 Detrectant
420 964 525 1060 pressi
540 963 618 1036 dum
634 964 714 1060 juga
727 964 834 1063 prima
849 965 961 1040 boves.

164 1074 271 1174 Asper
287 1102 393 1174 equus
411 1075 502 1148 duris
520 1077 736 1150 contunditur
752 1105 809 1151 ora
826 1077 969 1179 lupatis;
1191 1104 1220 1153 15

210 1190 316 1264 Frena
330 1191 440 1263 miuus
457 1192 573 1280 sentit,
594 1193 746 1293 quisquis
761 1193 804 1268 ad
821 1223 912 1268 arma
926 1195 1013 1270 facit.

163 1307 280 1380 Acrius
299 1307 435 1393 invitos,
452 1307 624 1408 multoque
641 1307 784 1382 ferocius
800 1328 939 1404 urguet,

210 1421 319 1518 Quam
338 1420 395 1519 qui
413 1420 581 1494 servitium
598 1420 680 1496 serre
696 1422 859 1513 fatentur,
876 1425 991 1498 Amor.

162 1538 214 1610 Eu
231 1565 293 1630 ego
311 1534 489 1624 confiteor;
502 1555 559 1610 tua
576 1566 649 1612 sum
666 1566 751 1612 nova
767 1540 891 1640 praeda,
912 1541 1067 1643 Cupido!

209 1652 415 1747 Porrigimus
432 1653 533 1726 victas
551 1653 593 1726 ad
609 1671 667 1727 tua
680 1655 755 1753 jura
771 1684 910 1730 manus:
1186 1696 1219 1730 πο
1309 1672 1311 1679 ’

163 1764 218 1838 Nil
234 1794 317 1867 opus
334 1784 385 1840 est
398 1765 507 1854 bello;
520 1796 632 1867 pacem
649 1770 839 1871 veniamque
855 1800 1032 1868 rogamus:

211 1884 276 1957 Nec
297 1883 359 1955 tibi
376 1881 462 1970 lans,
479 1883 577 1955 armis
594 1884 700 1957 victus
717 1886 865 1974 inermis,
885 1917 951 1962 ero.

164 2001 260 2075 Necte
277 2029 405 2075 comam
420 2018 547 2101 myrto,
560 2017 721 2075 maternas
735 2002 836 2100 junge
850 2001 1040 2091 columbas3

162 2180 212 2248 ipse
222 2179 363 2247 deliberat,
375 2189 465 2232 utrum
472 2188 575 2247 prestet
582 2178 665 2230 emori
714 2178 755 2230 alii
766 2177 832 2230 libri.
842 2180 919 2230 Fessi
926 2178 1006 2232 etiarn
1013 2180 1123 2234 Palatin.
1134 2197 1217 2248 unus,

160 2262 260 2319 cedere,
275 2278 308 2311 an
322 2262 442 2311 luctando
453 2257 534 2326 magis
545 2255 575 2308 ae
585 2255 665 2324 magis
712 2274 774 2310 curn
785 2255 887 2309 duobus
898 2257 959 2310 aliis.

161 2335 316 2397 emendem
327 2334 437 2401 necilli,
449 2353 498 2387 cur
506 2337 596 2396 cedat,
607 2351 665 2386 cau·
747 2334 784 2387 rb.
804 2338 920 2404 Quisquis
930 2338 969 2387 nd
979 2355 1049 2388 arma
1054 2337 1132 2404 sacc't.
1152 2337 1217 2406 Quo

160 2413 397 2466 saernoxdeeruut.
624 2415 638 2438 ⁸
712 2413 1216 2482 quispugnaemeliorequus,eominus

194 2511 230 2543 rr.
252 2493 316 2543 Vitii
327 2509 374 2557 ego
387 2489 508 2556 jactatas
523 2493 592 2539 sente
599 2487 664 2555 firce
704 2490 889 2559 scenasentit,
902 2492 1028 2558 quianon
1041 2501 1156 2568 recusem
1167 2511 1217 2545 nec

160 2586 268 2620 crescere
277 2571 408 2636 stammas.
422 2567 497 2618 Motu
506 2567 661 2632 flavescere,
711 2567 782 2620 unde
794 2567 934 2632 excitetur,
951 2565 1033 2619 virtus
1044 2566 1150 2636 indiget.

160 2665 227 2699 unus
238 2646 373 2699 Palatinus
384 2652 411 2696 et
422 2642 576 2708 Vaticanus,
593 2640 663 2710 quod
746 2665 783 2714 ¹7·
796 2645 888 2696 Aenus
897 2647 1004 2703 inritos,
1016 2647 1139 2711 multoque
1141 2645 1216 2712 fim-

161 2722 338 2777 Gebhardoin
346 2718 501 2788 crepundiis
507 2720 598 2772 arrisit.
604 2716 664 2772 Gla·
711 2727 766 2774 cius
780 2728 874 2790 urguet.
893 2722 952 2775 Un't
966 2721 1073 2777 malim:
1090 2733 1120 2776 ut
1134 2724 1215 2794 Epist.

160 2802 295 2866 serianus,
313 2803 382 2850 motu
394 2815 554 2850 concrescere.
566 2797 664 2850 Frute-
710 2816 757 2866 ιι,
771 2803 800 2854 ι5
812 2815 819 2851 :

162 2880 234 2945 rius,
247 2878 290 2931 lib.
303 2893 331 2942 1,
342 2877 426 2930 Veris.
437 2896 488 2948 cap,
498 2899 512 2930 2
522 2916 529 2942 ,
540 2896 570 2930 ex
582 2877 662 2930 Prisc,
829 2883 866 2922 vet
877 2884 894 2922 si
903 2885 968 2923 minue
977 2884 1048 2922 uenter
1055 2896 1110 2923 near.
1122 2885 1202 2925 Heres.

162 2964 232 3010 rnatu
250 2959 424 3026 flammescere
445 2972 454 3003 ι
476 2954 610 3024 quomodo
634 2964 662 3008 et
709 2954 820 3019 Etun't,
841 2966 868 3009 et
882 2962 970 3024 urguet
984 2974 1074 3018 amon
1091 2954 1137 3009 sed
1156 2957 1215 3024 quio

163 3054 233 3104 unus
244 3035 342 3087 llloreti
352 3073 361 3102 ,
375 3052 435 3087 cum
447 3033 570 3102 excerptis
581 3032 663 3085 Dou-
710 3033 752 3088 hic
765 3034 894 3103 precessit
908 3034 1068 3103 comparatio
1083 3051 1097 3084 n
1106 3033 1177 3099 liuge's
1189 3044 1215 3085 et

163 3132 210 3167 ete·
224 3112 350 3168 Nonnulli
364 3151 373 3180 ,
396 3119 465 3175 mola
476 3112 542 3180 sace
558 3128 664 3179 surgem-
703 3112 932 3182 stenisdesurnta,
944 3112 1014 3164 malo
1024 3116 1118 3176 urguet.
1129 3109 1214 3164 Tibul.

164 3192 200 3245 At
219 3191 321 3261 vulgata
340 3190 466 3260 scriptura
482 3189 550 3242 bene
568 3207 595 3243 se
610 3187 663 3241 bu-
712 3207 751 3259 11,
764 3190 874 3260 Elegm,
889 3207 936 3260 79,
948 3188 981 3240 de
994 3188 1112 3240 Amore:

163 3269 215 3323 bet.
227 3268 325 3322 fluns.
710 3271 744 3313 At
752 3272 817 3312 miseri
825 3298 832 3318 ,
839 3282 889 3321 quos
896 3268 929 3308 bie
940 3269 1024 3319 ‘unirer
1031 3270 1085 3307 Deus
1092 3279 1170 3323 urgues.
1178 3272 1203 3311 Β.

198 3367 236 3400 rn.
251 3350 290 3400 Et
305 3349 374 3410 os'ds',
400 3350 470 3400 nullo
485 3351 662 3408 concutiente,
743 3362 784 3397 no.
800 3345 951 3412 Pom'qisnus
960 3345 1094 3396 vc'etnsad
1101 3345 1216 3412 tuajm

162 3431 233 3479 ποκ’.
247 3426 301 3478 Pro
312 3430 456 3494 exstinguit
472 3426 613 3495 opponitur
623 3428 665 3477 ns'·
711 3441 808 3477 manus.
822 3421 871 3476 Ad
879 3428 924 3474 tua
927 3421 1007 3491 jura,
1026 3421 1113 3490 scripti
1131 3420 1215 3489 pleri-

161 3524 232 3567 me,
250 3522 299 3573 pro
308 3505 403 3568 lucere,
420 3507 515 3557 ardere.
532 3502 577 3556 Sic
591 3502 664 3554 Pro·
711 3520 762 3571 que
773 3514 781 3551 t
792 3510 919 3570 quatuor,
931 3500 969 3553 ad
976 3499 1103 3565 tunlicssa
1112 3516 1120 3548 .·
1129 3499 1216 3551 minus

160 3594 226 3652 pert
238 3597 289 3648 111,
303 3590 427 3651 utsupra,
440 3581 472 3635 ad
482 3601 507 3635 r.
517 3583 542 3646 8,
556 3580 628 3650 Eleg.
643 3601 665 3633 ι.
711 3579 788 3633 bene.
799 3579 919 3648 Propert.
932 3592 961 3642 1,
975 3573 1150 3644 Eleg.1x,3:

195 3661 233 3713 13.
257 3659 414 3727 Quaesierat
427 3678 496 3712 usus.
521 3659 665 3727 Nunquam
712 3657 1204 3712 neuim-upptaqwmiuejmpmn..

160 3747 224 3807 puto
228 3737 332 3805 jurate,
346 3734 373 3789 id
383 3745 422 3790 est
431 3735 576 3803 delectare,
588 3753 665 3788 usum
742 3750 785 3785 ne.
801 3734 849 3786 Nn
857 3749 919 3798 opus
933 3735 976 3782 est
992 3730 1058 3781 lello
1071 3737 1121 3781 etc.
1141 3729 1216 3798 Quid

159 3815 199 3868 rei
210 3815 293 3884 gravis
300 3825 328 3868 et
337 3813 461 3868 molestie.
472 3813 569 3880 Forte,
582 3816 666 3865 tecet:
713 3810 818 3866 enimin
823 3809 906 3876 illum,
915 3806 1103 3877 qupndame
1111 3803 1217 3875 Cupidi-

160 3894 210 3947 nisi
213 3894 292 3962 juret
303 3893 387 3963 capies
402 3911 452 3962 pro
464 3891 532 3944 levat
544 3931 551 3957 ,
570 3890 597 3943 id
609 3900 664 3956 est,
712 3889 754 3942 nis
762 3887 951 3956 consessusest,
963 3893 989 3937 et
1000 3890 1100 3938 vinctas
1110 3883 1143 3937 ad
1151 3884 1217 3938 illius

160 3970 220 4025 lucit
229 3970 309 4025 levius
320 3980 445 4024 matrum.
456 3969 554 4024 Buten.
705 3966 771 4035 jm
787 3981 876 4016 manus
893 3961 1029 4031 porrexit?
1054 3961 1097 4016 Nil
1118 3970 1215 4025 restat,

195 4046 667 4116 14.Dnmyic5nprs'rna.Durnsuacolla
714 4041 762 4096 nisi
776 4050 804 4092 ut
815 4039 847 4091 de
859 4039 927 4092 victo
938 4038 1084 4108 triumphus
1097 4047 1193 4106 agutur.

162 4125 252 4178 tertirss
260 4125 372 4180 Palatin.
382 4125 523 4192 namma
533 4141 606 4176 cuma
616 4132 667 4175 tres
747 4119 786 4173 23.
793 4120 974 4175 Nectecnmen
978 4123 1110 4187 nydoetc
1117 4115 1216 4182 Pompa
