2798 4702
382 337 542 405 naurs
572 339 858 407 uunnonnu
884 343 981 410 mu
1009 348 1037 413 1.
1176 351 1240 436 243

226 477 395 577 Qualibet
412 476 523 554 officio
539 507 636 554 causa
654 480 698 553 sit
713 497 791 580 apta
808 498 876 555 tuo.

179 597 282 673 Pallia
297 598 325 671 si
342 614 435 670 terra
453 595 593 670 nimium
611 596 752 673 demissa
769 597 947 696 jacebunt,

228 712 373 808 Collige,
390 729 423 786 ct
440 711 610 785 immunda
627 711 762 786 sedulus
779 711 861 787 eller
875 714 989 788 humo.

179 828 337 929 Protinus
356 827 457 901 officii
472 828 635 928 pretium,
650 827 796 928 patiente
814 829 943 930 puella,

227 946 433 1041 Contingent
450 944 556 1018 oculis
575 973 669 1018 crura
686 946 828 1020 videnda
845 949 921 1023 tuis.

180 1063 320 1162 Respice
333 1079 505 1161 praterea,
523 1078 603 1159 post
617 1089 678 1133 vos
695 1063 896 1165 quicumque
914 1063 1061 1156 sedebit,

226 1179 276 1251 Ne
294 1194 423 1277 premat
441 1177 600 1277 opposito
618 1174 733 1251 mollia
748 1197 839 1274 terga
857 1210 954 1275 genu.

179 1297 282 1369 Parva
294 1292 382 1368 leves
400 1293 537 1393 capiunt
555 1293 682 1366 animos
698 1323 705 1365 :
720 1293 785 1366 suit
801 1294 882 1369 utile
901 1294 1034 1386 multis,

227 1410 404 1484 Pulvinum
421 1407 510 1483 lucili
528 1409 755 1510 composuisse
772 1436 883 1483 manu.

179 1528 313 1603 Profuit
329 1545 363 1601 et
376 1526 468 1600 tenui
486 1543 622 1599 ventum
639 1525 781 1600 movisse
800 1526 940 1616 tabella;

226 1648 273 1719 Et
289 1671 366 1718 cava
382 1642 445 1715 sub
463 1659 613 1716 tenerum
630 1669 763 1715 scamna
777 1641 906 1718 dedisse
919 1645 1047 1745 pedem.

182 1809 258 1882 Hos
274 1806 384 1880 aditus
400 1805 583 1905 Circusque
600 1833 690 1878 novo
707 1806 871 1906 praebebit
884 1811 1008 1898 amori,

230 1930 414 2030 Sparsaque
431 1925 576 2002 sollicito
595 1928 700 2002 tristis
717 1958 814 2003 arena
830 1930 916 2004 foro.

182 2053 242 2127 Illa
255 2082 339 2154 sape
355 2080 440 2152 puer
456 2051 597 2126 Veneris
615 2053 778 2152 pugnavit
795 2080 914 2126 arena:

228 2178 272 2250 Et
289 2176 349 2278 qui
365 2175 527 2277 spectavit
542 2172 693 2264 vulnera,
710 2174 831 2250 vulnus
847 2175 959 2250 habet.

181 2410 238 2446 usos
246 2391 324 2444 luisse
331 2398 434 2443 veteres
442 2388 564 2456 peniculo
572 2429 579 2455 ‚
587 2398 615 2441 el
624 2406 688 2442 catt-
735 2400 768 2462 aqi
779 2392 871 2466 &seirpsp
884 2391 1017 2460 sipsldpssse
1028 2395 1058 2445 eei
1068 2397 1245 2468 epssxspsilasse,

179 2471 217 2524 dis
237 2468 340 2523 bubulis
359 2466 391 2520 ad
411 2466 577 2520 excutiendas
596 2466 687 2521 sordes
737 2468 802 2527 ἀνι-ὅς
814 2472 954 2543 ὑκοςμῶσαι.

179 2548 255 2602 docet
265 2546 382 2615 Scaliger
393 2543 425 2597 ad
439 2545 577 2597 Moretum
587 2563 613 2614 p.
627 2544 685 2598 rtis:
772 2546 825 2598 161.
843 2544 944 2613 Profiaets
953 2553 980 2598 et
991 2551 1063 2600 tensi
1072 2555 1173 2601 ventum
1186 2568 1246 2601 nro-

178 2644 317 2698 perperam
331 2634 419 2676 autem
435 2623 478 2677 bic
489 2623 597 2692 quidam
608 2623 688 2677 codi-
736 2629 802 2677 risse
813 2628 915 2677 tabella.
928 2625 990 2678 vid.
1003 2644 1061 2696 qua
1072 2628 1127 2696 jam
1139 2628 1172 2682 ad
1184 2630 1245 2682 Am.

179 2725 235 2772 ces,
253 2700 440 2763 discutiendus,
455 2702 496 2754 vet
511 2704 670 2773 rejs'cs'eadus.
736 2719 788 2769 111,
802 2703 989 2774 Eleg.11‚38,
1003 2707 1159 2776 notavimus,

214 2784 269 2834 155.
286 2784 404 2835 Pronum
415 2779 498 2848 officii
503 2785 617 2844 pretabere.
632 2777 688 2846 Os·
772 2781 825 2834 aba.
842 2786 954 2836 Eleusa
965 2787 1012 2838 snb
1021 2792 1129 2838 tenerum
1140 2804 1247 2839 scamna

169 2864 235 2930 ficio
245 2859 354 2926 Regius,
362 2856 534 2924 oxoniensis,
543 2867 570 2910 et
581 2874 649 2910 unus
657 2876 688 2910 ex
736 2861 835 2912 dedisse
840 2864 937 2927 pedem.
946 2862 987 2915 Ne
998 2863 1050 2916 scil.
1060 2862 1174 2933 pendula
1186 2863 1247 2916 diu-

179 2938 251 2991 meis.
259 2939 359 2991 fleres.
369 2939 509 2989 prestante
513 2940 609 3004 puella,
620 2936 689 2988 Am-
737 2939 788 2990 tius
797 2948 919 3008 torpeant
928 2939 1086 2994 lassitudine.
1098 2939 1177 2995 Cura
1186 2941 1247 3011 qui·

177 3018 312 3072 brosianus
323 3037 329 3070 ε
340 3023 490 3085 contepescat
505 3035 611 3086 quoque
626 3035 689 3070 mox
736 3015 798 3069 dem
812 3017 939 3085 leviores,
953 3029 980 3072 et
993 3024 1020 3071 in
1033 3023 1202 3082 tenus'labors
1220 3028 1246 3071 at

177 3098 319 3152 Beruensis
330 3107 357 3149 et
369 3096 487 3164 quinque
499 3094 688 3164 scriptitem
737 3096 1131 3166 mercesnontenuis,placuisse
1140 3096 1244 3167 puella!

176 3180 286 3248 urtepda.
297 3194 366 3227 unus
376 3173 513 3226 Mentelii:
523 3171 595 3225 unde
604 3173 687 3226 Hein·
737 3171 880 3227 descamno
888 3184 976 3227 autem
985 3175 1099 3227 Varr.de
1108 3175 1181 3245 Ling.
1190 3176 1247 3228 Lat.

177 3254 228 3307 sius
239 3253 394 3320 conjiciebat
407 3250 485 3316 olim,
495 3253 615 3304 notanda.
737 3265 783 3316 tv,
801 3251 832 3304 35
846 3270 853 3303 τ
870 3273 882 3296 s
891 3251 964 3318 Quia
983 3252 1091 3321 simplici
1110 3252 1245 3306 scansione

207 3331 267 3383 ubo.
284 3333 417 3383 Pulsebum
425 3330 512 3397 sacili
518 3335 689 3398 composuisse
735 3328 896 3383 scandebant
908 3330 935 3382 in
953 3329 1051 3383 lectum
1068 3349 1123 3383 nou
1144 3332 1245 3398 altum,

178 3430 260 3462 manu.
282 3409 397 3480 Scaliger
421 3408 568 3475 scribebat,
589 3427 688 3476 suppo-
735 3411 890 3460 scabellum:
902 3409 929 3460 in
943 3407 1063 3461 altiorem
1074 3449 1081 3474 ,
1091 3428 1245 3462 scamnum.»

179 3494 267 3541 sus‘sse.
279 3488 361 3542 Recte
374 3500 525 3556 utrumque.
542 3486 576 3539 D.
587 3488 687 3541 Herus.
736 3485 817 3539 Unde
824 3487 944 3556 colligere
952 3498 1000 3554 est,
1008 3485 1244 3556 poeticeOvidium

182 3565 309 3620 Ceterum
317 3567 485 3636 pulvinorum
495 3566 607 3620 usumin
618 3566 688 3619 thea·
736 3584 857 3623 scamna.
870 3582 919 3634 pro
933 3569 1084 3626 scabellum,
1096 3566 1195 3620 dixisse.

179 3645 287 3699 tralibus
297 3646 447 3715 spectaculis
461 3657 513 3698 tam
526 3645 686 3710 inservires,
764 3644 1247 3712 164.Sparsaquesolle‘cstotnslisareua

179 3742 260 3793 quam
270 3724 472 3776 loeminassuisse
480 3721 688 3776 etiarnex'l'heo-
728 3721 798 3788 soro.
811 3723 864 3773 Per
874 3742 983 3783 arenam,
997 3723 1066 3775 illam
1079 3723 1246 3792 amphiteatri

178 3800 276 3871 placasti
288 3801 479 3855 characteribus
491 3800 629 3861 discimus3
643 3798 688 3867 qui
737 3810 838 3867 portem
853 3800 988 3870 intelligit,
1004 3801 1047 3852 ubi
1061 3803 1243 3872 pugnabatur,
1341 3871 1342 3874 Ἴ

178 3880 331 3948 hujusmodi
342 3880 473 3946 officium,
483 3879 559 3948 quale
569 3878 619 3931 hoc
630 3878 687 3931 loco
737 3887 763 3928 et
775 3896 832 3944 quse
843 3895 901 3928 eam
914 3876 947 3929 ob
957 3897 1062 3931 causam
1073 3899 1151 3933 arena
1161 3900 1245 3935 cons-

178 3961 262 4031 tangit
271 3961 356 4021 Naso,
366 3961 436 4011 inter
444 3958 588 4011 adulatoria
596 3967 623 4009 et
631 3975 688 4009 ser-
738 3955 806 4006 terni
822 3955 920 4007 solebat
932 3975 938 4007 ε
950 3961 1045 4009 tristem
1057 3960 1153 4011 merito
1166 3958 1244 4024 dicit,

179 4038 237 4091 vilia
248 4038 374 4107 obsequia
385 4047 512 4090 recenset.
530 4034 654 4105 Apposite
666 4035 688 4086 is
736 4050 794 4100 que
806 4033 975 4103 sanguinem,
986 4046 1012 4088 et
1024 4036 1171 4091 humanum
1184 4037 1244 4106 qui-

179 4134 242 4186 ergo
254 4124 448 4193 aslelllslseest'oes.
464 4124 563 4169 uetes-5
574 4115 688 4171 ssrdiec’a
736 4110 818 4179 dem,
839 4113 916 4166 toties
937 4114 1107 4169 combiberet.
1130 4117 1244 4172 Sollict'lo
