2798 4702
345 360 581 428 AMORUM
612 362 689 429 111.
723 362 877 432 ELEG.
907 366 1024 431 XIII.

1158 390 1224 458 219

151 504 196 575 Et
212 499 328 587 vituli,
344 501 496 575 nondum
512 504 688 578 metuenda
706 504 814 577 fronte
832 505 994 592 minaces;
1193 528 1225 580 15

200 620 246 691 Et
259 617 370 690 minor
385 647 425 691 ex
440 618 560 692 humili
575 620 707 694 victima
724 650 848 721 porcus
866 622 945 694 hara
959 650 967 709 3

152 736 295 835 Duxque
313 736 422 830 gregis
439 764 544 809 comu
562 766 622 836 per
640 754 790 839 tempora
811 739 895 813 dura
909 768 1058 814 recurvo.

199 851 310 925 Invisa
327 869 377 925 est
395 851 537 924 dominre
552 851 625 926 sola
641 852 766 953 capella
784 855 873 928 Deae.

151 965 246 1041 lllins
262 968 388 1040 indicio
406 967 498 1041 silvis
515 969 649 1042 inventa
666 970 730 1043 sub
748 969 825 1044 altis

200 1083 333 1157 Dicitur
347 1083 528 1184 incoeptam
542 1084 732 1158 destituisse
748 1085 871 1181 lugam.
1191 1126 1223 1162 20

149 1201 248 1274 Nune
265 1229 400 1301 quoque
415 1229 475 1301 per
490 1228 614 1300 pueros
628 1200 746 1299 jaculis
764 1201 942 1275 incessitur
960 1200 1080 1290 index;

198 1318 244 1388 Et
258 1317 403 1416 pretium
421 1318 549 1390 auctori
564 1316 710 1391 vulneris
728 1317 802 1416 ipsa
819 1316 927 1389 datur.

151 1431 227 1529 Qua
243 1450 383 1507 ventura
398 1434 470 1507 Dea
487 1451 552 1520 est,
566 1434 702 1532 juvenes
718 1432 907 1533 timidaeque
924 1432 1042 1534 puellae

197 1550 406 1623 Praeverrunt
420 1550 503 1624 latas
521 1568 610 1624 veste
625 1551 755 1648 jacente
774 1549 852 1622 vias.

151 1672 302 1767 Virginei
320 1674 427 1747 crines
444 1703 542 1762 auro,
563 1703 756 1774 gemmaque
773 1692 991 1774 premuntur:
1189 1700 1222 1751 25
1241 1762 1243 1766 .

199 1797 245 1867 Et
262 1796 345 1891 tegit
360 1815 493 1871 auratos
509 1797 597 1898 palla
614 1799 760 1899 superba
776 1796 887 1898 pedes.

151 2015 241 2060 autem
250 2006 373 2059 meminit
383 2016 410 2059 et
420 2006 512 2075 Vir-gil.
523 2007 551 2059 in
562 2007 659 2077 Georg.

708 2006 799 2060 thiacis
809 2005 1165 2075 17,meminitPausanias.Et
1173 2007 1221 2062 ite·

150 2099 188 2150 11,
204 2085 424 2152 146:lntrcart1·‚
445 2087 582 2147 Clr'lumrre,
606 2105 663 2153 pre-
710 2103 770 2136 rum
782 2123 789 2149 ,
801 2084 907 2153 quando
919 2084 963 2136 Dii
976 2085 1155 2136 communiter
1164 2104 1220 2137 om·

147 2183 207 2231 ges,
227 2172 254 2217 e!
263 2170 375 2217 martina
387 2171 475 2216 laurus
492 2167 601 2217 meum
612 2176 662 2219 etc.

151 2241 186 2294 Et
196 2241 262 2295 Plin.
274 2243 338 2294 min.
352 2257 421 2307 vm,
435 2241 484 2310 Ep.
496 2242 527 2305 83
543 2241 661 2294 solebant

149 2321 221 2374 enim
232 2341 262 2374 ex
273 2321 369 2374 eodem
384 2340 465 2390 agro,
480 2333 587 2391 propter
598 2341 659 2374 ean·

148 2399 252 2468 dorem,
261 2401 342 2454 etiam
350 2401 466 2455 Romam
477 2401 594 2454 accersiri
604 2402 659 2455 vic-

148 2481 228 2534 time.

184 2564 221 2612 15.
230 2557 576 2626 Metuendasrorlerru'races.
583 2557 660 2612 Alter

708 2181 756 2214 nes
773 2161 898 2229 sugerunt
913 2161 940 2213 in
960 2161 1126 2232 AEgyptum,
1145 2174 1219 2216 metu

708 2240 862 2313 Gigantum.
878 2240 930 2294 Sed
949 2240 992 2294 bic
1007 2241 1040 2293 de
1056 2240 1143 2310 priore
1159 2243 1219 2313 suga

710 2319 856 2390 intelligere
870 2319 968 2371 malim.
981 2320 1086 2372 Mtcrn.

741 2416 780 2450 ao.
801 2401 961 2450 Destr'lm'sse.
984 2400 1138 2452 Destitmbse
1150 2403 1218 2450 viam

707 2475 828 2528 Francos.
840 2494 889 2544 pro
901 2474 1003 2527 diversa
1013 2473 1134 2527 lectione.
1149 2477 1220 2527 Indi·

705 2562 755 2610 cir's
763 2576 867 2626 quoque
878 2555 1011 2609 Palatinus
1020 2556 1136 2625 primus,
1146 2565 1176 2608 ut
1184 2556 1220 2608 ita

148 2639 313 2704 Puteaneus,
328 2641 455 2691 metuendi
458 2639 546 2707 fronte
558 2643 659 2692 mr'rracr'.
699 2638 810 2706 ludicris
819 2636 851 2689 de
861 2655 914 2705 quo
923 2634 982 2689 vide
993 2636 1024 2689 ad
1039 2636 1088 2706 Ep.
1096 2653 1148 2704 111,
1163 2639 1218 2703 ¹⁰4·

184 2719 221 2771 ι6.
229 2723 391 2773 Elmirorex
398 2721 658 2773 humr'livr'clr'maetc.

149 2796 220 2865 Quae
233 2797 342 2865 majores
355 2797 485 2863 victime,
504 2815 562 2865 que
576 2801 659 2850 mino-

147 2897 204 2939 res,
225 2896 240 2930 e
254 2876 328 2929 Livio
340 2888 366 2930 et
378 2877 432 2930 aliia
444 2877 471 2930 in
484 2888 592 2948 promtu
604 2877 659 2931 col-

147 2954 228 3024 ligere
239 2964 287 3008 est,
305 2956 428 3007 Wcle'mas
439 2965 528 3008 autem
539 2966 598 3026 post
607 2956 658 3010 vic·

146 3035 242 3088 loriam
253 3057 260 3098 ;
273 3033 319 3087 sed
329 3053 412 3104 quum
425 3035 454 3087 in
462 3035 566 3088 bostem
576 3035 659 3103 irent,

147 3113 244 3166 hostias
251 3111 438 3180 immolabant,
448 3113 533 3182 inquit
543 3113 617 3167 Serv.
624 3112 657 3166 ad

147 3190 210 3244 AEn.
220 3209 231 3244 1
241 3233 248 3259 ,
261 3193 318 3247 338.
331 3192 455 3258 Rectius,
468 3194 489 3245 si
497 3197 615 3246 vr'clr'mas
624 3192 657 3245 de

148 3273 290 3340 majoribus
297 3273 365 3324 sumi
374 3273 477 3326 dixisset
487 3295 493 3337 ;
507 3276 605 3330 hostros
614 3265 657 3325 ve-

740 2735 779 2767 21.
800 2718 902 2769 Jaculr‘s
924 2719 1060 2768 incessitur
1075 2718 1153 2767 index
1170 2724 1221 2768 etc.

709 2793 825 2865 Capella,
833 2796 928 2848 scilicet
936 2814 994 2864 quie
1003 2794 1129 2848 latentem
1138 2793 1220 2865 insyl-

707 2876 892 2930 visJunonem
907 2880 1001 2930 mdical>
1019 2873 1141 2947 prodidit.
1162 2873 1219 2943 Qui

706 2976 770 3010 vero
778 2976 791 3009 e
799 2957 887 3027 pueris
897 2957 1099 3027 jaculisr'racessi!
1108 2954 1216 3021 felicius,

705 3035 788 3103 ipsam
803 3035 881 3101 tollit,
896 3035 1011 3089 victoria
1024 3033 1171 3104 premium.

738 3114 777 3179 24.
790 3117 944 3166 Prererrur!
954 3115 1024 3164 latas
1035 3118 1103 3164 vesle
1114 3111 1219 3174 jacente

706 3194 771 3241 vrbs.
790 3189 893 3242 Auctor
906 3189 1006 3241 Moreti
1017 3228 1024 3255 ,
1037 3209 1061 3241 v.
1074 3206 1123 3239 aa:

786 3306 809 3320 ...
817 3283 844 3319 m
852 3282 928 3319 cinctu·
936 3280 1010 3318 villose
1022 3288 1096 3328 tergore
1104 3291 1167 3329 cupre
1172 3306 1179 3324 ,

146 3369 190 3415 ΓΟ,
205 3348 237 3401 (le
251 3350 397 3403 minoribus
405 3370 463 3419 quae
473 3361 533 3404 ante
545 3370 601 3404 aras
612 3370 658 3404 ca-
703 3356 806 3395 Provenit
815 3355 946 3392 eandasiliees
955 3353 1090 3404 gremiumque
1098 3353 1210 3391 molarum:

147 3425 261 3493 debant,
275 3428 436 3481 animalibus.

183 3523 220 3575 19.
231 3507 304 3557 Illius
313 3508 406 3558 indicrb
413 3509 492 3576 sylvis
500 3509 602 3558 nirenta
609 3508 657 3558 sub

705 3430 750 3482 ubi
775 3429 918 3483 insolenter
947 3432 1069 3495 gremium
1098 3430 1218 3479 molarum

705 3510 769 3563 dixit
782 3510 846 3564 :sed
861 3511 944 3564 scribe
958 3530 964 3562 :

146 3584 209 3633 allis
219 3592 268 3634 elc-
282 3582 430 3653 Blssuglm
440 3583 514 3636 Juno
526 3583 657 3636 traditur:
703 3594 877 3633 Prouerriteauda
885 3594 961 3641 silices,
973 3593 1085 3643 gremioque
1092 3591 1182 3629 molares.
1208 3599 1209 3603 ’

145 3661 241 3729 semel,
255 3661 362 3730 quando
378 3663 450 3732 virgo
464 3663 548 3718 adhue
559 3665 656 3717 Jovem

146 3741 243 3792 amoris
251 3739 365 3809 impulsu
373 3740 442 3793 illam
453 3750 657 3811 persequentem

146 3818 280 3887 lugiebat:
300 3837 353 3887 quo
369 3829 489 3889 tempore
504 3821 610 3890 Jupiter
628 3838 656 3873 se

147 3897 226 3949 etiarn
238 3898 266 3951 in
275 3899 412 3965 cuculum,
425 3900 582 3953 convertisse
594 3898 656 3952 dici·

146 3985 205 4042 tur,
216 3979 399 4048 utlugientem
410 3997 440 4030 ca
450 3979 534 4048 specie
546 3979 654 4031 falleret.

150 4052 239 4122 Quam
249 4077 325 4111 avem
333 4057 376 4110 illa
384 4067 474 4126 postea
484 4059 568 4128 cepit,
579 4068 606 4111 et
613 4058 656 4111 in-

149 4141 189 4184 ter
195 4132 294 4191 ludicra
302 4155 348 4191 sua
360 4134 452 4191 babuit
462 4153 468 4191 ε
480 4146 510 4191 ut
519 4136 547 4190 in
560 4133 654 4190 Corin·

709 3671 825 3733 Gremio,
846 3666 872 3719 id
885 3677 924 3719 est
935 3685 1018 3735 caprae
1029 3675 1131 3734 tergore
1144 3703 1152 3730 ,
1166 3682 1219 3732 quo

705 3745 805 3800 cinctus
815 3757 871 3798 erat
884 3765 889 3798 :
903 3747 939 3798 sic
950 3753 1013 3812 toga
1022 3748 1140 3812 gremium
1153 3743 1217 3797 Flo·

704 3824 1004 3877 rusdixit:unustamcn
1013 3823 1218 3890 Mediceus,ue-

704 3905 803 3953 larunt:
812 3920 880 3953 unus
887 3900 1029 3953 Vaticanus
1036 3938 1043 3965 ,
1050 3902 1218 3953 Praebnrrurrl.

704 3979 722 4031 J
724 3978 850 4043 unianus,
860 3980 1025 4042 Proererlnu!,·
1037 3977 1101 4030 alius
1108 3976 1215 4030 Vatica-

704 4077 754 4111 nus
762 4097 769 4122 ,
778 4058 928 4110 Slrarerunl.
936 4057 1015 4110 Forte
1024 4098 1031 4124 ,
1039 4060 1217 4109 Praeslernunt.

738 4138 778 4190 25.
795 4137 1104 4206 Gemmapuepremuntnr
1118 4137 1218 4189 Putea·
