2798 4702
210 366 271 431 108
481 366 521 429 P.
558 359 732 433 ovlnlt
759 365 983 435 NASONIS

249 504 403 603 Tutaque
422 499 574 605 deposito
591 505 743 606 poscitur
757 535 832 581 ense
849 508 952 582 rudis.

201 618 260 692 Me
278 646 427 719 quoque,
448 619 506 718 qui
525 620 623 693 toties
637 621 740 694 merui
757 622 821 695 sub
839 651 949 697 amore
967 621 1105 723 puellae‚‘

249 732 453 807 Defunctum
468 733 596 834 placide
614 736 720 810 vivere
739 754 869 838 tempus
886 755 965 813 erat.

203 850 307 937 Vive,
325 850 406 924 deus
423 851 535 952 posito
552 853 580 925 si
597 854 672 954 quis
688 854 771 928 mihi
786 856 873 929 dicat
888 885 1016 943 amore;
1234 882 1267 935 25

250 968 438 1069 Deprecer:
453 997 558 1069 nsque
576 969 657 1044 adeo
676 969 770 1045 dulce
784 970 895 1071 puella
912 972 1035 1046 malum
1051 975 1120 1047 est!

203 1084 318 1179 Quum
334 1085 419 1157 bene
433 1103 610 1186 pertaesum
626 1105 692 1173 est,
712 1087 889 1188 animoque
906 1085 1073 1182 relanguit
1086 1086 1187 1161 ardor
1194 1107 1207 1176 ,’

249 1199 371 1272 Nescio
389 1199 599 1311 quo'miserae
617 1201 749 1275 turbine
768 1203 888 1275 mentis
903 1229 993 1296 agor.

201 1324 250 1395 Ut
264 1324 353 1423 rapit
370 1324 405 1395 in
422 1353 567 1425 praeceps
584 1325 771 1412 dominum,
791 1326 980 1427 spumantia
998 1325 1121 1399 flustra

248 1446 355 1519 Frena
371 1462 602 1532 retentantem,
621 1447 738 1520 durior
754 1449 823 1521 oris
841 1477 966 1548 equus:
1235 1469 1269 1523 to

202 1570 251 1640 Ut
267 1567 417 1655 subitus,
435 1595 541 1668 prope
555 1568 622 1665 jam
638 1597 758 1669 prensa
775 1568 912 1658 tellure,
931 1571 1075 1644 carinam

202 1770 319 1826 simulet
335 1769 474 1840 premium
493 1769 666 1825 inventurum
682 1791 710 1825 ae
759 1791 807 1842 pua
824 1782 896 1840 erat,
919 1773 1020 1841 idest,
1040 1774 1094 1842 jam
1110 1773 1223 1827 liberum
1240 1783 1268 1825 et

203 1849 251 1903 sibi
263 1847 415 1918 gratulatur.
428 1850 483 1903 Nec
495 1849 584 1902 minus
595 1861 654 1919 apte
664 1853 712 1902 de-
759 1848 874 1918 deposita
893 1845 950 1918 ejus'
968 1851 1109 1920 cupiditate
1132 1861 1159 1904 et
1175 1869 1266 1903 amore

202 1930 322 1982 ducitur:
334 1929 451 1982 veterani
464 1929 554 1995 cuim,
573 1929 666 1997 quibua
678 1927 710 1981 ad
758 1926 907 1980 immunem
927 1937 954 1979 et
974 1929 1047 1996 quasi
1066 1928 1209 1981 emeritum
1223 1927 1268 1979 vi-

201 2017 310 2076 ueptena
330 2009 420 2077 jugera
438 2007 642 2078 adsignabantur
651 2046 660 2076 ,
682 2009 711 2061 in
760 2021 832 2057 vere.
844 2005 970 2058 Francius
980 2006 1096 2070 volebat,
1112 2009 1268 2072 Emeritam

202 2083 317 2139 colonias
328 2088 522 2140 deducebantur.
760 2083 806 2136 aed
818 2085 854 2136 ita
866 2084 955 2136 omnia
967 2084 1027 2138 licet
1037 2082 1200 2138 deformare:
1212 2104 1268 2137 non

235 2183 275 2216 aa.
292 2165 406 2232 Tutaque
414 2167 529 2232 deposito
540 2174 589 2218 etr„
601 2163 643 2216 De
651 2165 713 2215 rude
761 2161 895 2215 reticenda
903 2180 1007 2230 quoque
1015 2161 1092 2214 lectio
1102 2162 1220 2216 Francos
1218 2174 1268 2217 urt.

202 2242 298 2313 agitur,
311 2242 537 2314 quadonahantnr
548 2243 711 2314 gladiatores,
763 2239 856 2310 Regii,
881 2240 980 2292 Mureti
1000 2251 1027 2293 et
1040 2240 1152 2293 Palatini
1170 2242 1270 2309 unius,

201 2320 248 2374 uhi
260 2331 346 2374 artem
355 2331 514 2390 castumque
528 2321 711 2390 deponebant;
762 2325 808 2385 qui
815 2323 891 2370 toties
901 2323 994 2371 monor
1002 2322 1049 2371 sub
1057 2337 1154 2380 annone,
1173 2328 1202 2370 ut
1214 2318 1271 2372 die-

204 2410 232 2453 et
250 2405 332 2452 tutnnr
348 2398 429 2466 dicit,
450 2400 511 2467 quia
528 2400 634 2454 nullum
654 2400 713 2468 ipsis
763 2404 821 2448 turn
839 2397 872 2450 sit
892 2396 987 2449 eodem
1001 2414 1097 2461 aenan,
1121 2415 1174 2465 quo
1186 2401 1271 2462 pen're
1333 2458 1336 2463 Ι

202 2487 294 2548 postea
312 2479 372 2532 vito
389 2477 544 2547 periculum.
562 2478 606 2531 Sic
622 2487 713 2531 meta-
763 2473 856 2526 millies
867 2484 985 2528 amantea
995 2473 1126 2527 dicuntur.
1138 2473 1236 2526 Bonna.

202 2557 310 2626 phorioe
324 2558 418 2611 Horat.
435 2556 568 2626 Epistlib.
579 2572 610 2622 1,
626 2577 656 2623 ι,
679 2577 712 2621 a,
795 2574 836 2622 ²7·
846 2553 982 2623 Anine'que
992 2558 1106 2606 nnanur'!
1113 2555 1194 2606 ardor.
1208 2554 1271 2604 Ani·

203 2635 324 2686 donatum
335 2636 424 2702 sejani
430 2637 490 2687 rude
498 2633 567 2687 dicit
578 2631 714 2687 ceterum
763 2653 850 2702 nanque
861 2637 989 2702 relanguit
996 2635 1078 2694 ardor,
1093 2635 1243 2686 Puteaneus
1257 2652 1272 2685 a

203 2708 356 2765 haecomnia
368 2732 382 2764 e
393 2713 513 2781 Propert.
524 2710 659 2775 desumta,
676 2727 714 2776 11,
764 2729 845 2763 manu
857 2712 941 2780 prima
951 2733 957 2774 ;
971 2711 1016 2765 sed
1026 2711 1213 2776 emendatum,
1225 2730 1271 2762 nr-

205 2787 247 2841 El
256 2791 449 2855 x1x,41‚nemo
455 2807 510 2841 non
516 2787 715 2840 animadvertet:
763 2795 865 2853 sunur'l,
878 2808 965 2857 neque
978 2788 1053 2843 aliter
1064 2788 1273 2842 Arundelianus:

204 2884 265 2925 Mite·
272 2884 457 2936 &pontinum
465 2883 625 2931 methrani»,
765 2865 1152 2935 quomodoertib.1am.,Etx
1165 2887 1171 2919 :
1182 2885 1272 2936 qnan-

229 2958 372 3009 Gnuetnvtqoe
380 2957 673 3007 meduana-mum
765 2962 844 3012 quam
853 2942 1173 2998 hoclocoidverbimtnm
1181 2955 1271 3014 aptum

205 3033 272 3074 Putria
279 3041 298 3071 u
307 3033 327 3070 in
335 3045 396 3070 mu·
403 3030 645 3082 „quatruvio-mm,
764 3020 869 3074 videtur
880 3039 887 3072 :
899 3020 942 3073 alii
953 3021 1071 3088 codices,
1085 3029 1195 3076 evanuit.
1219 3023 1255 3076 H.

230 3107 257 3146 Ι*
268 3115 324 3145 '⁸²⁸¹
332 3106 353 3144 iu
360 3105 434 3155 tempto
441 3104 511 3143 &¹¹⁵⁶
517 3117 584 3155 pam
590 3111 653 3142 nuc
798 3118 838 3171 ²9
850 3100 1005 3167 Spumanlia.
1014 3100 1139 3153 Francius
1150 3099 1270 3166 malebat,

207 3183 302 3233 Parma
318 3179 391 3232 enim
409 3178 591 3244 militiaeue,
615 3186 642 3229 et
656 3174 716 3245 gla-
764 3183 928 3246 stangnum,
947 3177 1025 3231 nimia
1037 3177 1166 3232 audacter.
1190 3177 1272 3231 Pala-

209 3255 326 3311 diatoria.
764 3254 851 3322 tinne,
868 3262 1017 3322 pugnantia.

241 3335 281 3387 23.
302 3337 347 3387 He
364 3354 457 3404 quoque
477 3343 526 3388 etc.
554 3335 652 3386 Meteri
670 3333 717 3383 sub
798 3335 911 3387 Solum
918 3354 1013 3403 prensa
1025 3338 1122 3388 tellure.
1136 3335 1273 3389 Editiones

207 3431 293 3465 amore
301 3418 397 3482 puella
408 3412 473 3466 milri
484 3430 539 3464 non
552 3410 644 3480 placet.
668 3409 718 3460 Sub
765 3412 854 3482 prisca
862 3424 893 3473 ‚et
903 3414 1008 3482 plurimi
1020 3415 1107 3483 scripti
1116 3434 1207 3487 pressa
1219 3414 1272 3466 ha—

206 3495 292 3560 alc'quo
308 3497 400 3545 Μή
414 3490 508 3560 passim
524 3486 592 3557 apud
612 3486 717 3538 Livium
766 3490 850 3553 bent;
875 3510 970 3558 prensa
991 3493 1104 3561 probant
1127 3493 1229 3545 Marius
1247 3501 1274 3543 et

207 3580 235 3623 et
247 3570 309 3624 aliou
321 3571 442 3623 occurrit.
453 3568 526 3622 suet.
537 3565 603 3620 Cres.
614 3566 630 3616 3
640 3583 647 3618 ι
656 3565 718 3616 Me-
768 3567 894 3622 ciosamo
906 3588 912 3621 ε
926 3579 1067 3640 utrumque
1083 3571 1190 3640 quidem
1203 3580 1274 3623 recte

208 3653 260 3700 nuit
269 3654 298 3701 et
312 3652 358 3701 sub
374 3651 478 3702 Sewr'lm
489 3648 603 3699 Isuun'co
616 3663 623 3696 .·
636 3661 717 3712 quare
766 3646 878 3714 dicitur,
897 3646 942 3701 sed
955 3648 1056 3702 diversa
1070 3648 1273 3718 significatione:

209 3723 345 3796 legerem:
762 3745 854 3794 pressa
865 3725 937 3778 enirn
949 3726 1026 3780 tellus
1038 3736 1092 3790 eat,
1104 3725 1147 3777 cui
1159 3725 1213 3792 jam
1226 3724 1273 3775 in-

209 3814 440 3867 M²t¹¹⁰¹t¹¹⁰‚quiutioa
448 3817 511 3854 marni
517 3813 720 3864 nummu:
766 3805 865 3858 sistitur
877 3825 884 3866 ;
901 3803 947 3857 sed
962 3806 1126 3872 prehenditur
1136 3802 1168 3853 ab
1180 3798 1275 3869 adpel-

234 3886 355 3926 Μαίη
365 3888 441 3939 rhei&
448 3890 514 3928 virm
523 3898 601 3940 tempu·
608 3896 656 3927 «ne.
767 3883 879 3936 lentibus
887 3882 981 3946 nautio,
989 3899 1070 3949 quum
1076 3897 1157 3948 prope
1163 3889 1276 3947 tangunt

210 3957 395 4027 sobitum,
415 3963 467 4015 sive
483 3961 635 4033 Cupidine,
656 3981 720 4015 me·
768 3961 903 4026 manibus,
920 3970 947 4012 et
959 3960 1050 4010 sunem
1061 3955 1202 4025 religanda
1215 3957 1278 4009 navi

210 4047 300 4090 ruerat
308 4038 382 4090 miles
389 4050 488 4105 noster,
499 4050 528 4093 ut
538 4042 637 4094 centies
649 4040 719 4093 dicit
767 4049 875 4110 possunt
887 4039 1003 4105 injicere.
1018 4038 1098 4103 Prope
1110 4054 1273 4104 comprensa,

209 4114 367 4183 Defunctum
380 4120 469 4182 puella
480 4117 535 4185 jam
547 4119 634 4174 vivere
646 4128 721 4172 tem·
769 4115 850 4172 codex
862 4115 969 4169 Douuae.
982 4112 1080 4169 Bunu.
