2798 4702
160 303 228 388 304
438 304 488 377 P..¹
509 304 688 373 OVIDII
718 306 946 377 NASONIS

157 449 227 520 Nec
243 441 410 515 dominam
425 440 527 538 jubeo
544 442 692 542 pretioso
710 472 844 519 munere
859 447 986 522 dones:

205 560 323 644 Parva,
343 555 400 630 sed
418 585 435 630 e
452 557 562 657 parvis
577 557 715 632 callidus
728 580 806 662 apta
819 562 908 635 dato.
927 581 930 587 '

156 677 248 751 Dum
265 674 348 748 bene
369 672 458 746 dives
474 702 569 768 ager,
588 674 668 748 dum
685 678 766 749 rami
783 679 932 777 pondere
950 697 1089 770 nutant,

206 789 344 865 Adferat
359 790 395 861 in
412 788 541 862 calatho
559 791 683 865 rustica
699 793 786 865 dona
803 822 897 894 puer.

157 910 248 983 Rure
263 906 456 981 suburbano
474 907 600 1006 poteris
618 907 681 979 tibi
701 909 807 983 dicere
823 911 943 998 missa;
1037 900 1041 907 ⁶

205 1022 267 1097 Illa
280 1021 331 1097 vel
348 1022 384 1095 in
402 1049 492 1096 sacra
507 1022 576 1095 sint
592 1021 669 1096 licet
686 1043 773 1099 emta
790 1027 851 1099 via.

157 1139 296 1214 Adferat
310 1155 368 1213 aut
384 1167 481 1226 uvas,
499 1156 556 1212 aut
574 1167 655 1240 quas
672 1139 850 1240 Amaryllis
867 1143 1017 1232 amabat3

204 1256 252 1329 At
268 1284 357 1330 nunc
374 1273 541 1329 castaneas
555 1284 625 1329 non
639 1275 726 1330 amat
742 1255 799 1330 illa
815 1287 927 1333 nuces.

157 1372 253 1470 Quin
269 1372 367 1446 etiam
385 1371 552 1472 turdoque
570 1371 665 1458 licet,
684 1374 849 1475 missaque
861 1374 1034 1460 columba,

206 1485 255 1560 Tc
267 1515 445 1560 memorem
462 1487 604 1561 dominae
622 1489 794 1564 testificere
813 1508 886 1564 tuae.
1171 1525 1222 1579 250

157 1602 315 1702 Turpiter
330 1601 384 1673 his
397 1602 519 1675 emitur
533 1629 609 1702 spes
625 1604 762 1692 mortis,
782 1624 815 1680 et
831 1607 913 1680 orba
930 1622 1090 1679 senectus.

205 1722 262 1796 Ah
277 1740 429 1822 pereant,
447 1750 507 1823 per
523 1751 609 1822 quos
625 1752 762 1799 munera
777 1727 901 1800 crimen
918 1728 1062 1801 habent!

159 1844 253 1943 Quid
270 1843 333 1918 tihi
352 1844 542 1945 precipiam
557 1862 689 1918 teneros
706 1874 840 1946 quoque
857 1847 986 1921 mittere
1002 1849 1142 1925 versus?

206 1970 272 2043 Hei
288 1968 387 2043 mihi!
406 1997 475 2042 non
491 1967 633 2042 multum
649 1997 778 2044 carmen
790 1970 930 2044 honoris
946 1971 1070 2045 habet!

161 2093 316 2168 Carmina
332 2091 533 2166 laudantur:
548 2091 606 2166 sed
622 2120 894 2187 muneramagna
911 2108 1080 2193 petuntur.
1175 2113 1225 2182 275

210 2213 402 2290 Dummodo
420 2214 463 2288 sit
482 2214 590 2304 dives,
609 2214 771 2289 barbarus
787 2214 858 2315 ipse
873 2213 990 2315 placet.

150 2331 271 2414 ¹Aurea
286 2368 376 2413 nunc
391 2367 465 2414 vere
483 2355 563 2412 sunt
579 2338 705 2412 secula!
725 2338 889 2440 plurimus
906 2367 986 2412 auro

210 2463 313 2538 Venit
326 2463 459 2538 honos:
477 2491 558 2536 auro
577 2462 774 2537 conciliatur
791 2491 892 2536 amor.

161 2589 256 2689 lpse,
274 2586 352 2661 licet
369 2587 478 2660 Musis
492 2586 607 2666 nenias
628 2586 823 2675 comitatus,
842 2586 1006 2670 Homere;

193 2802 249 2857 261.
268 2804 370 2856 Munere
387 2804 471 2854 dones.
489 2801 670 2855 Menteliauuo
716 2796 1224 2869 rumcapiposseHeinsiusconjecerat‚

160 2891 287 2947 venuste,
299 2884 377 2941 detes,
393 2879 463 2948 quod
476 2880 590 2948 pretioso
602 2899 669 2932 mu·
717 2889 745 2930 ut
757 2876 869 2929 Martini.
884 2876 952 2927 Xen.
965 2879 1013 2927 So:

161 2960 221 3013 neri
233 2956 431 3012 convenientius
442 2977 449 3018 ;
462 2974 517 3007 non
530 2956 585 3008 vult
597 2957 670 3009 enim
717 2967 781 3004 Text·
790 2965 838 3001 roni·
846 2963 928 3002 roem
936 2963 985 3010 uhi,
994 2964 1025 3002 «οι
1033 2963 1175 3003 divinando:

163 3036 223 3090 talia
247 3052 360 3088 munera
378 3032 467 3086 amic}
486 3051 540 3085 me
562 3031 690 3098 danda,¹
742 3035 993 3076 Atmihidnurdnsoeu
1002 3050 1076 3075 corona
1085 3037 1154 3088 pluet.

163 3114 300 3182 undecim
310 3112 423 3167 sortunae
434 3113 599 3166 incrementa
610 3129 671 3182 poo-
719 3109 754 3162 Et
767 3124 801 3161 111
811 3150 817 3170 .
832 3108 920 3179 Epigr.
933 3112 979 3180 47:

161 3194 214 3248 tint
231 3210 352 3258 tumere,
365 3202 392 3245 et
410 3191 452 3245 itta
465 3189 590 3244 ditescere
602 3212 609 3253 ς
623 3188 670 3243 sed
716 3199 761 3237 ulte
771 3212 864 3239 :omnam
877 3200 982 3249 pinguibus
992 3213 1070 3249 ‘nvem
1081 3200 1161 3247 cudis,

163 3282 267 3326 mmm
280 3288 359 3339 pam
371 3281 398 3323 91
411 3280 468 3340 apta
479 3309 488 3338 t
501 3280 528 3323 et
544 3269 670 3322 volunta·
717 3272 851 3323 Iaoporornquo
859 3273 926 3311 rm
933 3273 1003 3312 celtici
1012 3276 1066 3313 ennio
1074 3275 1190 3321 fleotomo.

164 3360 219 3405 tem
231 3347 359 3402 tenentia.
371 3348 469 3401 Burri.
718 3343 773 3399 Sed
790 3345 850 3413 quia
866 3344 909 3398 hic
925 3346 958 3399 de
978 3348 1062 3415 parvis
1082 3358 1109 3400 et
1126 3346 1228 3401 rusticio

194 3425 251 3479 266.
268 3425 320 3476 Illa
331 3428 375 3476 oe!
382 3431 410 3477 iu
421 3443 503 3477 sacra.
519 3427 570 3476 Illa
586 3427 670 3478 Iibr'r‘n
718 3424 872 3483 muneribus
892 3425 958 3494 agit,
977 3427 1093 3494 praetuli.
1112 3425 1183 3496 quod
1197 3425 1228 3477 in

162 3522 238 3559 sacra
249 3502 363 3572 quidam.
382 3503 414 3556 lu
426 3504 467 3555 via
479 3502 538 3569 itta,
551 3503 670 3571 venalia,
718 3501 928 3571 septemseriptis
939 3514 1032 3562 exstat.
1047 3510 1173 3573 missaque
1181 3523 1227 3556 co-

162 3582 233 3635 inter
241 3581 290 3634 alia
301 3580 402 3647 edulia,
418 3598 495 3649 poma
503 3590 530 3633 et
538 3580 632 3650 fruges.
718 3584 816 3633 lumba:
824 3579 874 3633 hoc
886 3581 958 3633 enim
967 3583 1129 3651 aptissimum
1139 3584 1230 3634 Vene-

196 3658 252 3728 267.
269 3659 325 3711 Aur
335 3678 398 3728 quas
409 3659 550 3729 Amaryllzk
561 3660 671 3713 amabat.
718 3658 754 3712 ris
766 3658 898 3711 amoribus
908 3658 1230 3728 muuus.'l'heoer.1dyt.v:

163 3737 265 3804 Nuces,
278 3738 330 3792 scil.
349 3738 453 3808 respicit
471 3748 560 3791 autem
576 3736 609 3790 ad
629 3737 671 3791 itta
718 3726 770 3794 0¹1oe
787 3743 808 3792 ot
821 3740 861 3791 τᾶν
874 3739 963 3805 φάσω
978 3744 1065 3799 fuum
1079 3747 1106 3789 et
1117 3753 1175 3803 quae
1191 3736 1230 3790 ibi

164 3815 258 3886 virgil.
270 3815 324 3870 Ed.
338 3833 378 3883 11,
392 3819 440 3870 52:
720 3812 1230 3884 Mem-sius.AliapoetarumGraecorum

162 3897 670 3951 casumnqmummquasAmryuuamm
719 3891 775 3945 loca
787 3892 864 3945 habet
877 3892 1020 3945 Athenaeus
1031 3890 1074 3942 tit.
1089 3905 1148 3949 xw,
1173 3909 1212 3960 ¹9·

196 3970 252 4041 adp
270 3973 401 4040 Missaque
411 3974 535 4024 columba.
547 3970 599 4023 Atii
611 3969 672 4038 qui·
753 3991 808 4041 ²7¹·
825 3973 926 4022 Eruitur
940 3988 1004 4036 spes.
1015 3965 1227 4035 Terentianum,

164 4045 225 4098 dam
233 4066 339 4113 corona,
349 4047 419 4118 quod
429 4048 461 4103 de
472 4066 571 4103 corona
579 4047 672 4103 turdo·
720 4067 752 4105 ex
764 4045 875 4117 Adelph.
888 4064 926 4116 11,
939 4067 967 4100 ar
981 4064 1066 4112 :spem
1077 4051 1160 4113 prelio
1177 4067 1229 4100 non
