2798 4702
447 369 698 439 nonnum
726 369 945 438 Ausonis.
1175 352 1240 453 [ω’

163 505 381 608 Amphilochi
399 507 514 598 scater,
529 537 571 582 ne
590 507 740 604 Phegida
756 536 887 609 semper
902 528 1042 598 amaret,
1189 485 1242 597 455

216 624 386 700 Callirhoe
403 625 481 700 lecit
497 643 591 726 parte
608 642 740 727 recepta
755 624 831 698 tori.

166 743 211 816 Et
226 743 327 816 Parin
346 744 488 816 OEnone
506 769 655 816 summos
673 743 837 817 tenuisset
855 741 898 817 ad
915 771 1043 831 annos,

214 866 336 939 Sinon
352 865 496 939 OEbalia
513 863 631 965 pellice
652 864 728 940 laesa
746 866 842 941 soret.

167 989 331 1088 Conjugis
349 989 495 1090 Odrysio
513 987 694 1090 placuisset
707 989 814 1065 forma
830 1007 994 1090 tyraun03

215 1112 280 1186 Sed
294 1111 412 1185 melior
429 1110 547 1186 clausae
565 1113 670 1186 sorma
688 1114 814 1186 sororis
831 1129 910 1186 erat.
1190 1134 1240 1203 460

166 1234 260 1331 Quid
273 1264 388 1309 moror
404 1235 583 1337 exemplis,
602 1262 747 1335 quorum
764 1263 816 1309 me
833 1234 933 1310 turha
949 1234 1094 1330 fatigat?

214 1359 411 1433 Successore
427 1388 517 1432 novo
534 1359 679 1432 vincitur
697 1359 807 1432 omnis
825 1387 929 1432 amor.

165 1482 301 1556 Fortius
315 1512 332 1556 e
347 1481 462 1556 multis
479 1500 584 1556 mater
605 1482 770 1557 desiderat
785 1511 911 1570 unum,

215 1605 326 1702 Quam
344 1606 397 1679 cui
413 1606 496 1680 llens
511 1603 650 1695 clamat,
666 1623 703 1678 tu
720 1604 803 1678 mihi
822 1602 916 1678 solus
934 1634 1016 1680 eras.

164 1729 215 1802 Ac
233 1757 276 1803 ne
291 1728 379 1802 sorte
397 1747 496 1829 putes
512 1758 599 1802 nova
616 1757 668 1803 me
687 1728 750 1802 tibi
769 1728 911 1803 condere
925 1728 1022 1828 jura:
1188 1753 1239 1822 465

165 1944 282 2014 idaeam,
302 1945 421 2000 Dardani
433 1947 521 2001 liliam.
535 1947 676 2002 Triclinius
726 1945 793 2002 Haec
808 1966 891 2017 prope
910 1956 937 1999 et
954 1946 1028 2016 plura
1046 1946 1187 2000 Pausanias
1206 1948 1236 2007 in

164 2027 246 2080 etiarn
262 2026 398 2096 Sophoclis
419 2039 628 2095 commentator,
642 2029 674 2083 ad
726 2023 849 2078 Corinth.
862 2042 897 2076 xx
909 2046 915 2087 t
930 2024 1096 2091 Elia-”1¹2
1111 2036 1237 2089 ¹V11¹3⁶¹

165 2104 294 2175 Antigon.
303 2126 362 2177 977,
375 2116 474 2172 narrat,
486 2118 589 2160 mortua
600 2104 676 2159 Cleo·
725 2103 839 2158 Ovidius
855 2103 907 2162 lX,
922 2103 1032 2155 Metam.
1045 2102 1112 2167 405,
1124 2121 1182 2171 sqq.

165 2193 248 2252 patra,
260 2184 439 2255 superduxisse
449 2184 545 2237 Idaeam
557 2182 676 2236 Dardani
756 2186 814 2252 457.
824 2186 862 2235 Et
870 2185 946 2234 Parr's
959 2183 1071 2234 OEnonen
1079 2201 1190 2235 summos
1199 2189 1236 2234 lc·

164 2263 246 2317 filiam
262 2265 355 2319 :addit
367 2275 456 2317 tamen
470 2263 532 2316 alios
551 2261 674 2328 tradere,
723 2267 822 2315 eurise!
835 2267 862 2315 ia
883 2281 971 2314 annos.
991 2260 1099 2315 Rectius
1116 2261 1233 2332 Regius,

164 2341 674 2412 rivaetexactaCleopatra,eamduxisse.
722 2344 801 2394 Parin
820 2341 936 2392 OEnone:
951 2338 1022 2392 idem
1035 2342 1073 2390 ad
1080 2357 1162 2392 annos
1173 2357 1235 2392 curn

164 2420 273 2494 Hygyn.
286 2421 349 2474 Fab.
363 2437 409 2472 x1x
420 2461 427 2486 ,
439 2421 494 2473 sine
505 2420 614 2472 nornine
627 2438 674 2471 no·
724 2419 779 2474 aliis
788 2420 926 2489 plerisque.
937 2419 1038 2472 Hsnts.
1053 2418 1134 2472 Recte
1146 2418 1235 2471 Hein-

163 2518 262 2552 eercam
273 2508 363 2559 vocat;
376 2497 421 2551 ubi
436 2498 488 2550 vid.
501 2497 673 2551 Munlrerum.
721 2501 963 2557 sius21enereenim
976 2499 1081 2570 proprie
1093 2497 1189 2551 mulier
1197 2498 1234 2552 di·

196 2580 254 2643 455.
265 2577 431 2644 Amphilochi
438 2575 525 2642 stater
534 2586 583 2629 etc.
605 2575 673 2629 Alc·
722 2577 790 2631 citur
800 2578 896 2630 virum.
909 2576 978 2628 Vide
992 2594 1050 2644 quse
1062 2576 1163 2629 notavit
1174 2574 1234 2628 Gu-

163 2654 583 2724 maeonernintelligit,qui‚quum
591 2655 674 2707 occisa
722 2655 780 2710 dius
793 2655 824 2708 ad
839 2655 943 2710 Phaedr.
961 2655 1004 2707 lih.
1019 2655 1062 2720 ll,
1075 2654 1126 2706 sab.
1142 2675 1188 2716 ιη
1207 2664 1235 2707 et

162 2741 270 2798 matre,
293 2733 366 2800 Argo
376 2733 479 2802 fugiens
492 2731 671 2801 Psophidem,
721 2753 770 2789 nos
790 2735 823 2788 ad
843 2734 958 2805 Quintil.
977 2733 1052 2788 Dect.
1072 2749 1134 2801 xrv,
1153 2733 1186 2799 3,
1208 2743 1236 2786 et

162 2809 360 2880 tuncPhegiam
369 2830 383 2863 a
393 2811 500 2887 Phegep
509 2810 621 2878 dictam,
631 2831 673 2865 ve·
722 2827 840 2867 cccsvrr.
858 2814 957 2867 Bunsr.

162 2889 260 2955 nisset,
275 2888 466 2958 Alphesibaeam
482 2890 581 2960 Phegei
591 2889 672 2942 titiam
754 2891 811 2958 463.
832 2894 1059 2945 Parcr'usemullis
1069 2892 1233 2943 materdesr'-

162 2984 272 3019 uxorem
289 2966 382 3020 duxit:
402 2968 443 3021 cui
459 2968 529 3021 inter
546 2979 633 3022 cetera
642 2977 673 3023 et
720 2975 881 3026 deratenrmr.
891 2968 1232 3040 Regiuspraestantissirnus‚

162 3048 253 3101 matris
272 3048 369 3102 monile
387 3048 458 3102 dono
474 3049 555 3102 dedit.
577 3051 672 3104 Postea
720 3051 821 3102 Fbrilus
833 3068 841 3101 .·
853 3049 927 3118 lege,
942 3051 1047 3100 lirrls'us.
1064 3050 1159 3108 fibriis,
1174 3065 1233 3116 quan

163 3144 247 3195 quum
258 3126 420 3188 hincetiam,
435 3127 530 3197 quippe
540 3127 584 3180 ubi
596 3128 631 3181 illi
642 3127 671 3180 in
721 3129 805 3182 dolori
817 3129 971 3182 moderatur
981 3139 1008 3181 et
1018 3126 1161 3180 adfectibus
1171 3148 1178 3186 ς
1191 3124 1232 3178 id·

162 3204 556 3277 diesaugesceretpotiusquam
565 3206 672 3258 minue-
721 3229 772 3278 que
795 3230 826 3263 ex
848 3208 943 3278 placito
965 3206 1138 3272 Stoicorum,
1161 3204 1232 3274 apud

162 3291 238 3332 retur
255 3282 345 3349 furor,
370 3282 527 3351 aufugisset,
551 3282 671 3335 consulto
720 3306 786 3356 quos
796 3285 923 3341 fortitudo
933 3287 961 3339 in
973 3285 1067 3337 robore
1079 3284 1160 3337 animi
1170 3303 1232 3336 con·

162 3358 293 3427 Delphico
305 3358 439 3426 Oraculo,
460 3360 488 3413 in
507 3379 566 3414 eam
583 3359 671 3430 regio·
718 3367 785 3420 sistit
796 3368 896 3437 potius,
911 3386 992 3436 quarn
1002 3368 1028 3419 in
1039 3367 1156 3435 corporis
1166 3367 1231 3419 viri-

161 3456 226 3490 nem
239 3438 328 3504 venit,
348 3457 399 3507 qua
412 3438 543 3493 Achelous
555 3439 584 3491 in
596 3458 670 3494 mare
718 3445 775 3499 hus
786 3446 930 3499 -Firmat
946 3445 1229 3499 Heinsianamcorrec·

160 3513 312 3585 irrumpit:
329 3515 410 3571 hicet
428 3515 546 3570 consedit
562 3517 622 3584 ille,
643 3528 671 3571 et
719 3525 821 3578 tionem
838 3523 931 3579 Senec.
950 3524 999 3593 Ep.
1012 3525 1095 3577 882«
1081 3523 1231 3592 «Cogitavi

164 3593 330 3649 Callirrhoen
345 3595 454 3650 Acheloi
469 3595 550 3648 filiam
560 3616 671 3650 uxorem
719 3603 806 3668 enim,
823 3622 878 3655 non
895 3622 975 3671 quam
980 3600 1085 3667 former
1097 3621 1147 3672 ego
1160 3601 1230 3655 mori

161 3672 274 3740 hahuit,
296 3694 328 3726 ex
351 3693 402 3742 qua
424 3671 621 3742 Amphoterum
642 3685 670 3727 et
719 3700 836 3751 possem:
830 3680 894 3734 sed
905 3699 985 3750 quam
995 3680 1038 3734 ille
1043 3679 1150 3746 firrlrter
1159 3680 1229 3734 dess-

161 3713 330 3804 Acarnairem
338 3750 512 3820 filiosgenuit.
522 3749 670 3818 Quumve-
719 3759 811 3813 deme
823 3760 986 3828 meposgie„
973 3757 1115 3813 „utrem
1127 3759 1227 3813 Mm-

160 3848 192 3882 ro
201 3828 323 3883 muliebri
334 3829 448 3899 quadam
456 3828 598 3899 eupiditate
608 3828 670 3883 Cal·
719 3851 761 3893 su,
772 3838 842 3910 tegis,

160 3909 259 3964 lirrhoe
273 3909 412 3982 Eryphiles
427 3910 526 3964 monile
543 3929 669 3964 summo-
751 3917 807 3983 464
827 3918 908 3982 Quam
919 3919 1047 3986 questas
1057 3921 1158 3970 clam!
1172 3917 1228 3971 Re-

161 4009 224 4059 pere
241 3990 288 4045 sihi
307 3999 427 4060 optaret,
448 3989 577 4062 Phegians
592 3992 626 4044 oh
639 3990 669 4044 id
718 3994 792 4065 gius,
804 3994 946 4048 mendose:
964 3997 1229 4064 (Ιιιπιμοφιιεβεω

161 4087 293 4138 regressus
305 4070 460 4137 Alcmaeon,
478 4071 509 4124 ab
525 4070 622 4140 Phegei
635 4071 669 4124 ti-
717 4071 902 4139 Sarravianus,
912 4074 1034 4140 quistens.
1045 4072 1129 4142 Lege:
1142 4075 1224 4140 Quam

161 4143 201 4200 liis
214 4147 335 4205 Temeno
353 4159 380 4206 et
392 4150 493 4206 Anione
510 4150 607 4205 occisus
621 4160 667 4206 est.
717 4154 832 4220 cuifltns
842 4154 944 4207 clamat.
958 4152 1059 4208 Hesus.
