2798 4702
147 338 215 423 ιιι
428 342 466 408 r.
496 344 674 461 ovrun
705 345 932 418 ursolus

145 477 278 581 Perque
297 498 386 554 tuam
402 481 534 570 faciem,
551 485 663 579 magni
680 486 763 560 mibi
780 489 927 562 numinis
944 489 1064 578 instar,

196 600 326 699 Perque
342 616 418 672 tuos
435 597 569 687 oculos,
586 602 644 702 qui
661 630 798 703 rapuere
814 631 925 692 meos;

147 717 325 818 Quidquid
342 717 422 802 eris,
438 745 511 790 mea
527 744 656 817 semper
674 718 739 793 eris
753 749 762 792 ε
778 737 816 793 tu
832 718 935 814 selige
953 737 1103 811 tantum,

197 835 254 906 Me
272 861 406 932 quoque
424 830 507 907 velle
524 831 624 919 velis,
639 862 724 908 anne
741 851 875 908 coactus
893 836 1024 910 amem?
1187 854 1221 911 50

146 947 263 1022 Lintea
279 948 353 1022 dem
370 949 504 1050 potius,
520 951 693 1051 ventisque
711 951 896 1026 serentibus
911 968 1004 1040 utar3

195 1067 262 1153 Ut,
279 1066 427 1165 quamvis
444 1065 566 1154 nolim,
584 1095 685 1163 cogar
701 1097 809 1143 amare
827 1081 947 1144 tamen.

178 1250 218 1317 47.
242 1250 338 1318 Magri
355 1253 420 1303 mihi
438 1255 548 1305 ruminet
570 1256 659 1305 abstar.
710 1252 984 1323 potiusmewlentem,
999 1268 1079 1319 quam
1089 1254 1218 1310 coactam,

147 1325 293 1392 Martialis,
312 1344 371 1395 vrr,
386 1327 520 1398 Epigram.
538 1349 565 1382 ιι
579 1349 586 1382 :
710 1352 799 1385 amore
812 1332 850 1385 tui
864 1331 956 1384 ardere
969 1353 976 1394 ς
991 1351 1025 1384 an
1036 1328 1156 1385 secundis
1170 1345 1219 1398 po-

146 1417 222 1469 Perque
230 1426 273 1456 tues
280 1419 423 1467 eures,megni
432 1418 481 1456 mibi
489 1419 576 1458 numinis
590 1420 659 1458 instar.
710 1413 778 1477 tius,
797 1431 878 1482 quam
894 1413 1008 1473 adversis
1025 1412 1126 1478 veniis,
1146 1427 1220 1462 mare

180 1488 220 1559 49.
237 1489 363 1554 Tuselige
375 1494 489 1548 lantum,
508 1488 552 1540 Me
567 1508 661 1557 quoque
710 1492 760 1547 hoc
779 1495 877 1547 iterum
892 1504 1002 1547 tentare.
1021 1493 1092 1562 Quae
1113 1488 1220 1560 quidem

147 1567 213 1616 uelle
226 1567 292 1616 oelrlr
308 1574 356 1618 etc.
371 1564 415 1617 Tu
427 1564 532 1630 videas,
551 1584 584 1616 an
597 1565 660 1619 velis
709 1571 865 1639 metaphora
876 1571 975 1626 Nostro
986 1568 1160 1623 usitatissima.

488 1885 731 1971 ELEGIA
762 1888 873 1972 Xll.

286 2234 375 2272 noent·
392 2230 508 2271 AMICAM
521 2232 698 2273 clamamus
715 2233 776 2272 suls
795 2232 907 2271 mmm!
925 2232 1101 2272 tuttorutssn.

159 2364 239 2493 Qu
248 2416 286 2472 ls
302 2395 367 2469 suit
381 2392 437 2467 ille
455 2394 544 2481 dies,
561 2422 630 2494 quo
647 2392 755 2467 tristia
771 2419 902 2492 semper
918 2395 1040 2469 amanti

203 2514 326 2590 Omina
343 2541 414 2586 non
433 2510 517 2585 albae
534 2510 752 2585 concinuistis
769 2511 870 2584 aves?

154 2631 297 2728 Quodve
314 2649 429 2732 putem
447 2629 540 2702 sidus
556 2628 680 2702 nostris
699 2653 868 2701 occurrere
885 2626 1000 2700 votis?

203 2749 339 2844 Quosve
358 2749 451 2820 Deos
467 2747 501 2818 in
518 2775 570 2820 me
588 2743 676 2820 bella
693 2772 824 2818 movere
842 2744 987 2842 querar?

154 2866 239 2963 Quae
256 2863 359 2938 modo
375 2862 463 2936 dicta
479 2890 552 2936 mea
569 2879 635 2949 est,
651 2888 751 2962 quam
769 2858 854 2957 coepi
871 2854 966 2931 solus
983 2884 1107 2944 amare,
1210 2875 1227 2927 5

204 2989 291 3063 Cum
308 2984 424 3061 multis
440 3013 556 3059 vereor
567 3013 609 3059 ne
625 2985 670 3058 sit
687 2980 840 3058 habenda
857 2979 951 3053 mihi.

187 3185 212 3238 3.
229 3187 330 3253 Quodve
336 3193 422 3252 putem
436 3186 507 3236 sidus
520 3188 613 3236 nostris
622 3201 668 3235 oo-
716 3191 766 3236 cet.
773 3181 864 3234 Potest
874 3187 963 3231 autem
975 3185 1001 3230 et
1012 3174 1045 3230 tle
1058 3174 1138 3229 altera
1149 3172 1228 3229 intel·

155 3287 251 3325 currere
261 3273 335 3320 wat.
346 3271 420 3320 Fatr's
430 3268 542 3322 Putean.
555 3263 668 3320 etmulti
715 3257 779 3327 ligi,
798 3255 905 3326 quando
921 3274 999 3324 supra
1011 3253 1043 3306 ad
1056 3253 1226 3318 Geminum,

157 3344 207 3398 alii.
217 3344 267 3414 Ep.
278 3345 401 3398 OEnonea
407 3344 537 3414 vulgatam
545 3353 633 3396 tuetur
644 3357 650 3390 :
717 3340 808 3410 Elegia
818 3338 918 3393 decima
926 3337 984 3391 libri
992 3335 1098 3391 secundi
1109 3375 1116 3401 ‚
1127 3333 1227 3389 aeduae

155 3431 206 3480 Quis
215 3432 269 3470 neu·
277 3431 369 3482 opposuit
378 3431 451 3469 nostrie
464 3442 500 3467 ιιι
509 3428 590 3468 numine
598 3425 668 3465 rotie?
717 3435 805 3469 amare
813 3415 917 3485 coepim
927 3414 997 3468 dicit.
1007 3414 1042 3468 Et
1047 3412 1080 3467 de
1089 3411 1209 3467 Corinna
1219 3448 1227 3476 ‚

187 3505 211 3572 4.
222 3507 301 3558 Bella
310 3522 411 3557 morere.
421 3506 531 3564 Parare,
546 3499 667 3554 Francos.
718 3515 797 3567 quam
812 3495 893 3563 dixit,
913 3494 1005 3550 sedulo
1021 3513 1125 3564 semper
1141 3493 1228 3559 eavit,

156 3604 180 3639 a.
191 3605 227 3640 ιιι.
241 3607 261 3641 e
272 3585 323 3639 vit.
337 3602 372 3638 111
386 3585 468 3654 Epist.
480 3604 505 3636 v,
521 3584 575 3636 123.
717 3597 752 3632 ne
767 3596 826 3646 que
846 3587 930 3643 esset,
948 3575 1027 3646 vulgo
1044 3575 1230 3628 innotesceret

190 3669 214 3720 ⁵.
231 3669 292 3732 Qua
303 3668 376 3718 modo
387 3668 457 3718 dr‘clae
468 3670 580 3717 marest.
595 3663 669 3718 Pro-
716 3655 810 3725 ltaque
818 3675 853 3709 ne
862 3653 940 3707 hodie
950 3652 1059 3722 quidem
1065 3668 1158 3705 verum
1168 3649 1227 3717 ejus

156 3750 224 3810 pert
236 3758 273 3808 11,
287 3759 344 3808 vn,
362 3743 397 3795 5:
717 3755 819 3790 nomen
840 3748 912 3792 certo
934 3735 1023 3790 scitur.
1046 3731 1151 3786 Macri.
1172 3731 1230 3784 Nec

183 3823 226 3863 Neo
234 3837 276 3862 mee
286 3825 373 3871 dicetur,
384 3839 427 3876 quar
436 3823 495 3863 morlo
502 3823 554 3863 diet·
564 3838 608 3862 mee
619 3832 655 3863 eet.
718 3818 785 3871 tanti
797 3819 884 3873 somn
895 3817 1041 3887 equlret'e·

156 3922 191 3937 ·-·
207 3895 289 3961 Quam
302 3901 546 3964 coepr'solusamare.
560 3897 602 3951 De
616 3896 670 3951 Co·
751 3889 1075 3951 6.Nes1·rtatenda.Junii
1085 3888 1228 3955 ‚manda

155 3972 235 4026 rinna
245 3975 350 4042 exponit
363 3973 431 4028 hanc
444 3974 564 4044 Elegiam
580 3974 670 4029 Com-
719 3983 749 4026 ut
759 3975 793 4028 sit
804 3973 925 4043 repetitio
938 3968 1001 4026 :sed
1009 3967 1111 4035 vulgata
1119 3975 1190 4018 recte
1200 3983 1228 4017 se

159 4060 308 4104 mentator=
321 4051 366 4103 scd
379 4052 448 4121 quod
462 4052 495 4105 de
507 4052 555 4107 bac
565 4052 670 4122 proprie
719 4049 799 4106 babet
816 4070 823 4103 :
840 4061 867 4104 et
881 4048 972 4118 capio,
994 4055 1024 4099 ut
1035 4041 1104 4111 apud
1115 4042 1227 4096 Terent.

156 4125 402 4199 irrtelligendumsit,
409 4139 480 4184 certe
487 4148 618 4199 nusquam
625 4128 670 4182 do·
720 4127 805 4183 Andr.
814 4138 862 4182 act.
874 4127 904 4194 l,
917 4141 945 4195 1,
958 4123 999 4178 58.
1011 4124 1074 4191 Quis
1084 4122 1141 4175 heri
1151 4122 1230 4191 Chry·
