2798 4702
367 321 603 388 auorum
629 320 681 388 11.
706 320 853 388 nuno.
879 322 946 390 vr.
1144 329 1187 417 95

172 465 219 536 Et
230 460 338 557 rigido
356 478 485 535 teneras
498 490 611 557 ungue
628 478 741 535 notate
757 489 866 556 genas.

124 579 269 653 Horrida
283 607 347 680 pro
365 579 492 653 moestis
509 577 651 652 lanietur
666 577 779 678 pluma
796 576 943 678 capillis:

176 697 241 770 Pro
258 696 360 792 longa
377 713 532 770 resonent
550 695 693 769 earmina
710 712 817 768 vestra
835 695 925 771 tuba.

126 813 221 910 Quid
240 813 347 887 scelus
365 814 495 887 Ismarii
513 813 673 913 quereris,
694 809 896 900 Philomela,
915 812 1073 913 tyrannii

176 928 314 1030 Expleta
330 947 382 1004 est
398 931 493 1003 annis
512 930 574 1004 ista
593 928 727 1030 querela
747 929 827 1003 suis.

127 1043 228 1118 Alitis
245 1047 280 1118 in
295 1075 376 1120 rarae
389 1047 546 1120 miserum
564 1045 722 1121 devertite
736 1045 848 1120 sunus.

178 1162 317 1257 Magna,
336 1163 395 1238 sed
410 1164 553 1264 antiqui,
573 1191 670 1237 cansa
683 1161 810 1237 doloris
828 1164 907 1263 Itys.

131 1277 271 1367 Omnes,
290 1307 363 1379 quae
380 1279 509 1379 liquido
528 1279 657 1354 libratis
674 1280 711 1352 in
726 1307 799 1354 aere
816 1306 953 1366 eursus3

180 1395 231 1466 Tu
251 1413 361 1469 tamen
377 1414 453 1472 ante
471 1395 568 1485 alias,
588 1412 699 1471 turtur
716 1396 835 1483 amice,
855 1394 941 1470 dole.

131 1506 233 1584 Plena
248 1510 314 1584 fuit
329 1513 428 1587 vobis
447 1514 538 1586 omni
555 1513 732 1588 eoncordia
749 1512 831 1599 vita,

182 1629 227 1698 Et
243 1629 336 1701 stetit
353 1628 394 1702 ad
410 1628 510 1704 finem
527 1629 627 1726 longa
645 1648 808 1728 tenaxque
823 1626 915 1701 lides.

135 1820 204 1872 inira
227 1818 270 1873 lib.
290 1838 341 1890 m,
363 1823 494 1893 Eleg.11;
518 1833 544 1877 et
558 1823 640 1892 hinc,

131 1901 246 1965 pardem
256 1903 363 1954 aelorum
374 1904 443 1964 alas,
462 1903 577 1955 Maroni.
590 1903 625 1955 ll.

690 1834 772 1894 paret.
781 1823 875 1876 Malim
888 1840 993 1893 quoque
1004 1824 1078 1875 atita
1089 1827 1117 1875 ἐκ
1127 1841 1200 1886 care,

692 1922 771 1972 quam
783 1923 851 1965 rare,
867 1903 928 1972 quia
939 1920 1001 1954 mox
1011 1902 1139 1970 sequitur,
1151 1910 1207 1956 κη’

171 1983 194 2031 5.
212 1981 374 2048 Homiiapm
391 1986 489 2033 mesti}
506 1992 555 2035 etc.
580 1982 644 2049 Qua
685 1982 882 2049 somacolon's.
896 1981 996 2034 Herus.

138 2057 222 2128 figura
232 2064 319 2111 mesti
326 2059 409 2129 capilli
420 2059 519 2129 possint
528 2059 571 2113 hic
583 2058 642 2122 dici,

137 2142 183 2188 ve'x
193 2139 264 2190 vallet
271 2137 420 2192 Burmann.
438 2148 464 2191 ct
476 2142 541 2191 culti
550 2138 623 2191 malit
635 2177 643 2204 ,

139 2218 212 2285 «qui
235 2217 385 2288 eleganter,
408 2218 515 2287 inquit,
539 2221 645 2271 homile

132 2299 224 2364 plume
235 2306 442 2366 opponerentur.
455 2319 468 2343 u
477 2297 573 2366 Figura
580 2316 646 2367 poe-

133 2373 170 2426 tis
181 2373 344 2427 usitatissima
354 2379 443 2426 mesti
457 2372 581 2428 dicuutur
596 2394 645 2429 ca-

138 2451 205 2519 pilli,
218 2452 290 2522 qiria,
300 2472 384 2522 quum
392 2453 518 2519 incomti,
531 2472 646 2523 praeser-

140 2536 237 2605 timque
250 2539 358 2596 laniati,
376 2535 448 2588 haud
465 2534 545 2588 dubia
564 2555 647 2590 mes-

139 2619 200 2666 titia
210 2613 283 2683 signa
295 2613 446 2684 praserunt.

172 2692 195 2744 6.
204 2694 337 2759 Pmlonga
345 2697 582 2746 resoueutcasmiaa
589 2713 648 2747 ves-

140 2778 182 2822 tm
201 2773 268 2821 tuba.
288 2772 401 2836 Longa,
425 2780 469 2822 aut
484 2771 581 2840 prolixe
599 2790 647 2824 so-

141 2846 227 2912 nanti,
240 2857 284 2898 ant
298 2848 308 2913 (
316 2845 387 2914 quod
398 2847 479 2917 magis
489 2848 588 2918 placet)
601 2849 648 2902 di-

142 2936 221 2978 recta.
238 2926 307 2978 Nam
322 2936 348 2979 et
363 2926 507 2982 cornicines
524 2929 552 2981 in
565 2929 649 2981 sune-

143 3003 215 3056 ribus
226 3003 423 3058 adhibebantur.
445 3006 541 3060 Horat.
563 3007 649 3060 Scrm.

142 3083 212 3136 libro
223 3083 322 3153 primo,
336 3083 422 3157 Satyr.
433 3102 479 3152 vr,
491 3088 524 3152 42
538 3078 549 3138 τ’

275 3206 298 3219 ...
309 3179 388 3228 Arhia,
397 3181 414 3218 ti
422 3181 509 3231 plaustra
516 3181 612 3230 durmin,

144 3252 302 3301 (mentemque
308 3246 351 3289 soro
358 3250 395 3289 tria
405 3249 485 3298 sumn,
496 3263 565 3301 mgna
576 3250 652 3290 sonabit

146 3323 227 3362 cornua
234 3324 287 3375 qnod
295 3325 399 3376 vincatque
406 3323 472 3364 mbas·
526 3326 626 3365 Mantua.

143 3424 178 3436 —
190 3396 312 3450 Mallem:
323 3400 458 3467 Proloaga
467 3404 584 3452 resonent
594 3417 653 3451 caa-

142 3480 214 3528 nu'aa
231 3484 314 3530 rostra
327 3483 403 3542 tubas
424 3489 508 3532 rostra
520 3482 576 3531 loco
587 3482 653 3532 laba

142 3566 269 3609 resonent
289 3555 407 3627 lugubria
427 3557 545 3611 carmina
560 3572 566 3605 τ
582 3576 653 3611 mo-

141 3656 203 3690 aare
209 3637 281 3690 enim
289 3656 351 3690 cum
360 3638 505 3691 κωκύω
512 3657 654 3692 casucous·

142 3715 207 3766 truit
226 3715 316 3786 Virgil.
329 3715 419 3786 Eclog.
433 3732 457 3781 1,
471 3719 501 3769 5:

143 3800 255 3839 remma
263 3811 354 3839 romum
362 3799 421 3838 doces
431 3799 555 3852 Amaryllida
562 3799 639 3837 silvam.

175 3893 199 3945 9.
221 3875 344 3929 llst'serum
356 3877 482 3926 devertere
487 3871 579 3941 sunus.
591 3875 653 3925 De-

145 3959 244 4015 vertite,
258 3955 354 4025 scripti.
364 3954 451 4023 Lege,
463 3955 590 4006 devertere
601 3971 609 4004 .·
620 3950 654 4005 ael

146 4030 320 4086 Philomelam
332 4031 406 4085 enim
417 4048 505 4084 termo
516 4040 570 4092 est;
583 4027 655 4099 quod

146 4132 179 4164 ex
190 4131 264 4166 versu
276 4113 395 4183 proxime
403 4110 524 4180 sequenti
535 4109 595 4164 satis
605 4108 654 4162 ad·

728 2079 765 2113 ro.
778 2061 888 2126 Magna,
901 2061 951 2111 sed
956 2064 1062 2128 antiqua
1073 2066 1116 2112 est
1124 2078 1206 2113 causa

692 2140 788 2190 dolon}
800 2140 863 2208 Itys.
879 2138 932 2190 Sed
945 2142 1047 2206 antiqui
1060 2158 1140 2192 causa
1151 2141 1205 2192 do-

693 2219 761 2275 lon's,
773 2215 840 2268 bene
850 2216 1034 2269 Sarravianus:
1043 2223 1146 2287 antique
1153 2225 1202 2281 est,

695 2294 896 2363 Neapolitanum
910 2304 1041 2364 corrupte.
1055 2297 1156 2349 Huius.

730 2374 923 2425 numantinis
934 2392 998 2426 aere.
1009 2373 1117 2442 Legitur
1124 2374 1205 2426 etiam

694 2450 722 2503 in
736 2450 925 2519 exemplaribus
944 2451 1056 2519 aliquot,
1073 2454 1204 2514 vr'brata's,·

696 2546 753 2597 quae
772 2526 849 2581 lectio
868 2528 936 2580 sorte
954 2527 1055 2580 melior.
1079 2528 1206 2582 Mantus.

696 2609 801 2660 libram
813 2609 941 2668 volatum,
960 2605 1058 2672 Silius,
1072 2622 1124 2673 ιν,
1138 2608 1185 2676 4η
1199 2625 1207 2660 :

696 2695 772 2734 Auni·
780 2708 864 2745 puerum
873 2695 960 2746 rapielnt
970 2695 995 2734 nd
1002 2694 1072 2734 auen
1079 2710 1143 2747 penna
1151 2725 1157 2744 ,

696 2770 733 2808 Per
740 2770 801 2808 nuber
809 2769 883 2821 Aquita
890 2797 897 2818 ‚
911 2770 985 2809 intento
993 2770 1062 2810 libne·
1070 2772 1143 2810 volatu.

698 2843 742 2898 Sic
764 2844 838 2896 enim
862 2863 894 2896 ex
916 2845 1022 2914 optimis
1045 2847 1209 2899 membranis

696 2923 872 2978 scribendum.
885 2925 985 2979 Helas.

733 3023 770 3055 ra.
790 3005 882 3055 Turtur
891 3009 983 3065 amice,
998 3006 1062 3057 dole.
1076 3002 1123 3055 Fae
1135 3002 1208 3054 enim

698 3081 823 3134 naturalis
834 3079 955 3149 quadam
966 3081 1037 3133 inter
1045 3081 1174 3133 Turtures
1181 3090 1211 3132 et

699 3160 825 3213 Psittacus
837 3159 956 3211 amicitia.
967 3157 1081 3222 Plinius,
1094 3158 1161 3210 libro
1174 3174 1211 3224 rt,

699 3259 754 3308 cap.
768 3241 806 3308 74.
825 3240 922 3292 Noster
934 3237 1015 3307 Epist
1029 3254 1079 3304 xv,
1093 3238 1142 3291 38:

700 3322 725 3359 Et
732 3321 787 3371 niger
794 3334 805 3358 ι
814 3321 872 3358 viridi
880 3321 957 3358 Turtur
964 3328 1041 3358 amatur
1049 3332 1092 3358 ave.
1110 3321 1196 3360 llum.

704 3397 902 3455 Tuduramr'ca,
918 3413 986 3446 unus
999 3393 1162 3457 Vaticanus,
1183 3404 1211 3446 et

701 3474 800 3544 Regius
811 3494 825 3526 a
837 3492 919 3525 manu
930 3471 1045 3526 secunda
1055 3490 1061 3524 :
1073 3470 1210 3541 quomodo

701 3553 751 3606 ‹lici
763 3572 835 3622 posse
848 3564 943 3606 notant
956 3552 989 3605 ad
1005 3551 1145 3621 Virgilium
1158 3569 1211 3603 ve-

702 3644 769 3688 teres
783 3634 951 3704 grammatici.
966 3633 1066 3684 lirim.

739 3713 773 3764 13,
782 3712 931 3779 Plenasuit.
939 3711 1061 3763 Imitatus
1070 3705 1208 3761 Claudiam.

702 3790 767 3844 Bell.
790 3788 859 3842 Gild.
877 3792 893 3855 4
914 3807 921 3840 2
946 3787 1086 3840 Concordia
1099 3785 1212 3852 [mlum

701 3874 783 3924 Plena
795 3871 866 3922 reda'I.

738 3951 774 4014 ¹4
787 3950 876 4013 Longa
888 3951 1013 4014 tenaxque
1021 3948 1100 4016 fides.
1122 3945 1211 4016 Frag-

703 4036 824 4079 mentum
837 4025 1013 4090 Patauinum,
1025 4036 1052 4078 et
1064 4024 1145 4079 editio
1155 4024 1212 4093 pri-

702 4108 860 4176 ma,finna,
875 4115 904 4157 ut
915 4105 944 4158 in
955 4107 1034 4160 Pont.
1047 4123 1074 4171 1,
1088 4121 1129 4172 tv,
1144 4122 1193 4173 ¹7²
