2798 4702
186 367 231 436 36
456 366 497 432 P.
525 365 710 436 OVIDII
740 365 976 438 NASONIS

232 508 302 581 Nec
320 521 430 579 tamen
447 502 584 606 eloquio
597 503 711 602 lingua
728 525 868 581 nocente
886 525 983 581 caret.

183 626 268 698 Fors
286 651 337 695 mc
354 621 498 695 sermoni
514 639 631 696 testem
650 622 762 697 dedit:
779 623 835 697 illa
852 622 1011 698 monebat

231 737 342 826 Talia3
360 767 412 812 me
433 737 582 838 duplices
601 739 773 814 occuluere
790 740 889 815 sores.

156 888 173 922 «
187 853 274 941 Scis,
292 854 388 941 hera,
409 872 457 942 te,
475 883 547 929 mea
564 853 638 943 lux,
655 856 767 955 juveni
784 856 946 956 placuisse
962 856 1075 930 beato.¹

229 971 348 1058 Haesit,
369 987 403 1043 et
419 971 455 1043 in
469 970 564 1045 vultu
581 973 732 1046 constitit
749 1001 855 1073 usque
874 991 943 1045 tuo.

180 1089 227 1162 Et
240 1088 293 1161 cui
311 1116 380 1161 non
396 1085 550 1188 placeas?
566 1087 652 1162 nulli
669 1105 726 1163 tua
744 1088 851 1162 sonna
867 1087 1012 1162 secunda
1028 1106 1088 1162 est.
1213 1109 1246 1160 25

229 1204 287 1276 Me
304 1204 472 1278 miseram!
493 1203 616 1299 dignus
633 1232 772 1305 corpore
790 1204 901 1279 cultus
918 1205 1022 1283 abest.

179 1320 263 1393 Tam
279 1319 358 1394 felix
375 1347 482 1406 esses,
501 1347 600 1421 quam
617 1319 873 1409 formosissima,
892 1319 1029 1395 vellem!

227 1435 307 1509 Non
321 1465 398 1531 ego,
418 1453 450 1508 te
467 1433 555 1508 facta
569 1434 686 1522 divite,
706 1463 834 1535 pauper
851 1465 920 1510 ero.

179 1550 283 1626 Stella
294 1551 357 1625 tibi
375 1550 524 1651 oppositi
540 1551 656 1623 nocuit
671 1552 835 1625 contraria
852 1552 973 1625 Martis
990 1580 999 1623 :

227 1669 322 1741 Mara
338 1666 437 1756 abiit;
451 1668 549 1763 signo
567 1695 656 1740 nunc
672 1670 788 1742 Venus
805 1685 882 1768 apta
899 1694 970 1740 suo.
1215 1687 1248 1739 30

178 1858 441 1923 memoePuteaneue,
452 1855 688 1925 aliiquemeliores,
737 1855 855 1910 sednon
872 1874 938 1925 opus
956 1864 995 1908 est
1011 1871 1058 1924 per
1073 1857 1147 1916 here,
1164 1857 1248 1922 pnlla'e

179 1946 207 1989 et
218 1944 298 1989 recte.
311 1933 427 2003 Epistola
442 1934 565 1987 OEnones
580 1947 643 1986 101:
736 1932 900 2002 intelligere,
920 1950 1004 2001 quum
1020 1942 1047 1984 et
1059 1931 1162 2001 longius
1172 1943 1246 1985 tem-

179 2025 209 2065 Ue
216 2027 280 2064 niam
288 2023 370 2064 Atride·
380 2026 474 2064 emerant
482 2023 554 2064 roten
564 2023 609 2062 teau
738 2030 787 2081 pue
795 2021 885 2078 notet,
899 2021 926 2064 ct
937 2030 986 2080 pro
994 2030 1076 2078 nuper
1081 2020 1170 2063 utatur
1177 2011 1247 2063 Ter·

205 2099 288 2139 οιυιιιι.
738 2089 794 2143 tull.
807 2087 883 2159 Apol.
897 2091 920 2156 4.
938 2089 982 2143 sic
993 2109 1051 2143 cm
1062 2089 1141 2142 etiam
1153 2087 1186 2140 de
1191 2089 1246 2155 sn-

181 2169 217 2224 Et
228 2170 257 2224 in
269 2169 336 2224 libro
351 2169 462 2222 Metam.
475 2182 515 2235 11,
530 2170 597 2241 591:
738 2175 812 2230 turo,
832 2179 862 2222 ut
874 2178 975 2222 notum.
993 2169 1090 2223 ΒΜ.
1109 2196 1143 2209 -
1153 2170 1250 2221 Juoem'

83 2244 86 2251 Ι
179 2265 226 2312 An,
234 2277 278 2316 quo
286 2269 388 2315 pertatem
396 2272 427 2298 reo
436 2267 466 2298 eet
476 2258 577 2296 nonnum·
585 2257 677 2306 naboe,
733 2252 865 2317 placuisse
876 2252 958 2302 deado.
972 2249 1002 2303 ld
1014 2259 1069 2316 etl,
1081 2267 1160 2318 quem
1171 2247 1247 2300 (lonis

179 2337 271 2385 lemme
279 2333 315 2372 ‘³¹³³
328 2341 369 2379 Μ»
380 2330 467 2383 Ρῑῐῑω
477 2338 582 2368 temerasse
589 2327 655 2367 ΝΜΟ
739 2327 861 2380 omnibus
872 2326 993 2380 instruxit
1004 2327 1128 2380 fortuna:
1141 2324 1247 2377 Tibullo

179 2406 331 2462 Nyctimenen?
512 2403 592 2441 ΗΜ·
739 2401 854 2472 denique
865 2403 984 2470 cuidam,
1002 2402 1034 2456 de
1047 2421 1100 2473 quo
1113 2402 1206 2455 Horat
1219 2417 1245 2464 1,

186 2537 194 2556 ⁶
213 2504 253 2536 22.
269 2483 394 2548 Duplt'ces
403 2479 486 2547 som.
508 2475 579 2544 Quae
595 2474 692 2546 duplici
740 2478 789 2549 Ep.
803 2496 847 2547 tv,
860 2480 877 2533 6
890 2499 896 2533 :

178 2560 266 2614 tabula
294 2557 470 2621 constabant,
501 2553 691 2624 dupliciterque
1003 2568 1182 2617 nltimam,

179 2637 372 2708 aperiebantur.
385 2631 483 2686 Grecis
496 2633 551 2701 pari
563 2631 644 2684 modo
658 2639 692 2686 da·
738 2628 809 2680 niun
817 2640 1197 2692 &instudeamus-squamati.

179 2721 261 2774 aliene.
278 2712 379 2765 Hntns.
396 2737 430 2751 -
450 2711 595 2762 occuluere.
613 2712 693 2762 Dete·-
773 2717 812 2780 ²4·
825 2716 921 2775 Hem.
933 2721 962 2768 e!
966 2719 994 2767 in
1001 2718 1072 2768 uultu
1078 2721 1195 2770 constetit
1202 2735 1248 2769 ns·

179 2809 267 2852 nnere,
281 2787 469 2842 Mentelianua.
739 2810 787 2860 qne
799 2797 849 2844 tuo.
868 2790 960 2844 Simile
977 2792 1027 2845 hoc
1038 2792 1142 2846 illunis
1155 2792 1248 2847 Donec

214 2870 254 2922 23.
270 2868 349 2920 Hera.
363 2865 389 2920 0
403 2863 518 2938 domina
530 2864 627 2916 Heraea
637 2862 691 2917 ed·
738 2887 794 2922 esee
811 2877 887 2921 notat
900 2869 948 2922 illie
965 2869 1084 2923 Petmnii
1097 2889 1152 2940 cap.
1168 2888 1248 2924 xxvi:

179 2949 258 3019 pellat
266 2947 349 3017 ipsam
359 2944 491 3015 puellam,
505 2952 535 2996 ut
545 2943 569 2996 ei
576 2941 691 2996 blendia·
739 2948 1059 3014 thm'aconsidemntium
1066 2949 1249 3001 desereretne!-

180 3040 239 3097 tur,
258 3048 287 3082 ac
305 3025 518 3081 benevolentiam
536 3032 629 3091 captet
647 3021 692 3075 Sic
738 3028 788 3076 tus.
799 3022 1248 3096 Quaetamenegodivecsaecsepu·

179 3108 261 3162 etiam
269 3106 360 3176 incipit
366 3104 456 3174 Elegia
464 3102 496 3156 ad
503 3101 692 3171 Demophoon·
739 3111 768 3154 to
780 3119 786 3153 :
798 3101 833 3153 ibi
846 3101 918 3154 enim
931 3103 1072 3167 deserant,
1085 3113 1124 3156 est
1135 3122 1184 3173 pro
1195 3124 1246 3158 co-

180 3197 251 3253 tem,
265 3186 334 3258 apud
346 3183 548 3255 Propert.·libro
560 3181 691 3236 secundo:
739 3177 886 3243 haeserant,
898 3178 975 3232 vicini
986 3189 1073 3240 erant,
1083 3190 1248 3250 etpeream·

179 3269 288 3317 &lubere
296 3267 335 3316 nl,
347 3265 689 3318 mudteoperiterpleenieeepnellen.
740 3255 802 3308 (lem
820 3256 915 3308 rimam
934 3256 1045 3323 junctim
1066 3260 1248 3327 speculantes:

181 3345 213 3400 ln
232 3341 346 3412 quodam
365 3351 454 3394 tamen
473 3337 534 3392 Ms.
551 3337 692 3408 exemplari
738 3336 782 3391 hic
798 3337 883 3406 agitur
902 3335 935 3390 de
952 3337 1061 3404 juveni,
1082 3339 1127 3407 qui
1143 3339 1246 3393 obviam

180 3423 306 3492 scriptum
314 3420 364 3490 legi
372 3458 380 3485 ,
388 3422 446 3471 here
454 3436 531 3488 pere,
543 3435 692 3487 nonpera:
738 3417 821 3470 lactus
833 3415 940 3484 puelle,
953 3417 1048 3485 eteius
1060 3419 1173 3470 sormam
1184 3427 1246 3470 etu-

181 3520 240 3571 quae
258 3499 334 3552 lectio
351 3496 416 3550 mibi
432 3514 488 3547 non
508 3494 643 3564 displicet,
661 3504 692 3548 ut
738 3498 976 3564 penaconstiteml,·
988 3506 1030 3563 et,
1043 3506 1072 3548 ut
1084 3494 1247 3564 laqueocap-

181 3581 240 3633 aerei
251 3581 277 3632 ee*
290 3578 427 3643 ecoeolpmu
439 3572 627 3641 intelligamus,
641 3571 692 3641 pri·
739 3583 796 3639 em,
808 3575 923 3626 besem!-

181 3656 311 3724 diequam
319 3654 352 3707 ad
361 3652 516 3708 tentandam
524 3651 692 3722 puellamac-
772 3671 810 3723 ²9·
828 3651 909 3703 Stella
931 3656 1164 3719 ta'biopposatae'etc.
1188 3649 1247 3703 Cur

180 3734 295 3787 cessisset
304 3733 364 3785 lena
371 3732 443 3800 baec,
456 3749 515 3796 eam
524 3731 605 3785 visam
614 3731 690 3785 fuisse
738 3731 807 3784 male
820 3751 861 3784 res
873 3731 899 3783 in
911 3730 1024 3784 amando
1036 3728 1178 3794 cederent,
1190 3728 1246 3797 qui-

179 3829 197 3864 a
208 3809 323 3880 quodam
335 3811 449 3877 juvene,
467 3809 611 3879 quistatim
624 3809 690 3864 illiue
737 3808 786 3863 bue
797 3810 845 3863 cub
856 3809 949 3862 Madia
959 3808 1044 3862 sidere
1057 3807 1125 3858 nacci
1138 3804 1244 3858 accide-

181 3904 272 3940 emoce
284 3898 419 3956 correptus
431 3887 480 3953 sit,
494 3907 542 3958 pro
555 3906 608 3957 quo
618 3906 691 3942 nunc
738 3898 792 3946 ret.
805 3906 861 3940 non
871 3899 910 3941 est
918 3888 953 3941 ita
960 3886 1032 3939 facile
1038 3884 1244 3951 conjiciendum,

180 3963 237 4018 lanc
246 3964 327 4017 verba
337 3965 413 4017 saciat
422 3964 523 4034 Dipsas.
534 3968 602 4019 Here
612 3966 691 4036 igitur
739 3985 821 4036 quum
848 3983 967 4018 amorem
990 3962 1063 4016 Deua
1081 3962 1123 4015 ille
1141 3963 1244 4016 facilem

182 4039 335 4094 adverbium
352 4051 409 4106 est,
426 4060 474 4110 pro
485 4045 557 4107 bem
570 4054 600 4096 ut
611 4054 692 4096 staret
738 4043 820 4108 adeo,
834 4043 960 4110 totiesque
973 4050 1093 4110 expertus
1105 4039 1191 4094 suerit.

181 4135 278 4174 versu».
285 4117 363 4172 Man.
373 4118 454 4172 Recte
462 4119 570 4187 quidem
576 4118 690 4174 Marius:
771 4120 812 4174 30.
824 4123 908 4175 Venus
915 4124 1036 4186 aptatae.
1053 4121 1131 4173 Teum
1140 4119 1246 4189 signum
