2798 4702
193 335 259 401 260
474 332 514 398 P.
542 333 720 402 OVIDII
746 333 979 403 NASONIS

190 474 277 546 Tum
295 498 404 571 neque
421 487 453 546 te
470 471 591 571 prodet
605 473 775 546 communi
793 473 944 559 obnoxia
957 471 1087 576 culpae;

240 589 406 687 Factaque
423 605 522 660 erunt
538 587 681 663 dominae
699 589 852 689 dietaque
870 607 949 664 nota
967 591 1041 665 tibi.¹

192 701 260 778 Sed
275 701 360 775 bene
378 700 525 775 celetur:
538 702 626 776 bene
642 704 672 776 si
689 703 852 778 celabitur
866 705 988 796 index,

239 817 375 892 Notitiae
390 817 521 891 suberit
535 846 666 919 semper
683 821 786 894 amica
801 838 875 894 tuae.

189 935 357 1034 Tempora
374 933 432 1033 qui
449 931 532 1007 solis
550 962 692 1035 operosa
709 935 897 1010 colentibus
915 964 1008 1028 arva,

238 1048 395 1138 Fallitur,
414 1068 448 1124 et
464 1051 576 1124 nautis
593 1051 807 1152 adspicienda
821 1070 941 1152 putat:

190 1169 260 1241 Nee
277 1195 407 1268 semper
425 1166 588 1242 credenda
606 1169 705 1243 Ceres
719 1167 893 1242 fallacibus
910 1168 1017 1258 arvis;

238 1286 309 1358 Nec
326 1311 457 1383 semper
473 1283 571 1358 viridi
589 1314 732 1360 concava
746 1285 872 1387 puppis
887 1314 997 1385 aquae:

191 1402 259 1474 Nec
279 1417 408 1473 teneras
424 1427 554 1502 semper
568 1419 679 1476 tutum
694 1419 825 1503 captare
841 1401 980 1503 puellas.

239 1513 353 1614 Saepe,
372 1512 451 1586 dato
469 1512 587 1587 melius
606 1533 772 1617 tempore,
789 1517 847 1591 liet
860 1518 959 1592 idem.

189 1631 265 1705 Sive
283 1631 353 1704 dies
371 1627 501 1702 suberit
516 1628 656 1718 natalis,
676 1632 743 1704 sive
761 1631 927 1721 kalendae,

239 1745 334 1842 Quas
351 1746 515 1817 Venerem
531 1744 636 1816 Marti
652 1745 864 1820 continuasse
878 1748 994 1845 juvat:

191 1864 267 1937 Sive
285 1861 350 1936 erit
368 1876 521 1948 omatus,
540 1887 610 1932 non
627 1877 666 1932 ut
681 1859 747 1932 fuit
762 1877 851 1949 ante,
869 1861 1006 1958 sigillis,

240 1979 307 2054 Sed
324 2004 439 2074 regum
457 1975 625 2076 expositas
639 1975 756 2050 Circus
768 1975 908 2051 habebit
921 2006 1021 2078 opes3

192 2095 303 2170 Differ
322 2122 409 2195 opus
424 2123 433 2166 t
448 2111 528 2167 tuuc
545 2092 651 2166 tristis
667 2092 788 2184 hiems,
807 2110 887 2169 tunc
903 2091 1033 2168 Pliades
1050 2095 1198 2169 instant:

191 2301 344 2356 Minucium
356 2300 472 2355 Felicem
488 2299 517 2352 in
530 2298 642 2353 Octavio
658 2318 704 2355 me
751 2301 835 2354 Marti
844 2311 893 2356 ete.
909 2301 1048 2355 Solemnes
1065 2300 1185 2370 inprimis
1196 2321 1262 2355 rnu-

191 2380 281 2450 legisse
295 2378 414 2432 memini.
428 2378 523 2430 Horat.
537 2376 623 2446 Epod.
635 2394 702 2448 xvc,
751 2377 857 2433 lienibus
866 2378 983 2434 kalendae
996 2380 1114 2445 Martie,
1128 2379 1264 2449 quiatnnc

188 2459 220 2513 38
232 2479 239 2511 ς
253 2462 394 2511 ciromr'srata
399 2461 539 2524 perpremat
546 2459 653 2509 cubilia.
751 2455 918 2511 illismuners
924 2456 1181 2511 solebantmissitari:
1189 2458 1262 2512 unde

223 2537 279 2609 397.
297 2537 352 2588 sed
360 2539 421 2589 bere
431 2538 540 2587 celetur:
550 2536 611 2587 bere
621 2539 649 2585 si
656 2552 704 2587 ce-
744 2534 873 2602 samaeas
884 2545 958 2588 vocat
966 2535 984 2588 J
987 2555 1063 2588 oven.
1074 2534 1129 2588 Sat
1138 2552 1167 2588 11
1177 2574 1185 2602 ‚
1197 2536 1229 2588 53
1239 2555 1247 2589 ε

190 2617 287 2667 labitur
295 2624 344 2666 etc
357 2612 456 2667 Sensus
468 2623 508 2665 est
521 2632 528 2664 :
541 2631 576 2665 ne
588 2611 704 2680 suspice·
752 2616 933 2671 tems-mima
943 2625 1013 2655 emm
1023 2625 1096 2656 mnu
1104 2617 1200 2657 &abactis

193 2703 237 2747 tur
247 2692 357 2762 quidem
371 2691 480 2744 domina
491 2691 572 2745 ullam
585 2692 631 2745 tibi
642 2710 704 2744 cum
753 2689 833 2743 Plura
846 2688 878 2743 de
887 2689 1004 2745 kalendis
1014 2690 1108 2756 Mart,
1122 2689 1190 2760 apud
1200 2690 1264 2744 Ma-

192 2770 284 2826 ancilla
296 2789 350 2824 esse
361 2770 702 2839 amorisconspirationem3
752 2766 1012 2832 mb.Saturn.1,12
1024 2777 1051 2820 et
1062 2771 1090 2821 15
1099 2789 1105 2834 ;
1114 2778 1141 2821 et
1149 2767 1264 2821 sotius.

191 2852 279 2919 sicque
304 2848 389 2901 amica
412 2852 509 2901 retritis
527 2854 576 2899 lue
591 2850 704 2913 sument,-
752 2844 892 2913 Ingeniose
901 2843 1168 2905 Nosterlatronale'a.
1178 2844 1205 2897 id
1213 2856 1263 2911 est,

190 2928 219 2982 id
231 2939 288 2993 est,
302 2926 368 2979 nihil
381 2944 486 2994 prorsus
507 2934 566 2993 aget
584 2922 702 2990 dicetve,
751 2923 1062 2990 sacra,quaraltlatronis
1070 2923 1157 2992 primo
1165 2923 1264 2976 mensis

194 3005 267 3076 quod
275 3023 332 3058 non
341 3005 438 3057 reserat
447 3006 524 3055 inda
533 3001 705 3070 auctumque
753 2998 894 3066 hujusdie,
903 3000 930 3052 in
943 2999 1073 3052 honorem
1082 3001 1176 3054 Martis
1187 2999 1263 3054 cele-

192 3083 342 3139 nullamsui
354 3080 469 3134 dominae
477 3079 652 3149 suspicionem
663 3080 707 3132 in·
754 3077 907 3143 brabantur,
917 3079 999 3131 refert
1011 3078 1044 3131 ad
1056 3097 1159 3131 amores
1169 3079 1264 3131 Vene-

196 3161 297 3231 jecerit.
754 3156 790 3209 ris
801 3175 863 3208 cum
877 3157 983 3222 Marte,
996 3157 1038 3210 cui
1050 3176 1121 3210 sacra
1133 3156 1189 3210 ltaec
1201 3174 1264 3209 cor-

226 3242 283 3314 399.
293 3240 405 3306 Operose
411 3234 555 3289 aremvide
563 3254 621 3304 quae
628 3254 706 3305 snpra
753 3239 867 3287 donasse
878 3233 981 3287 dicitur.

194 3319 263 3373 libro
276 3317 320 3380 ll,
334 3317 427 3369 Amor.
440 3330 505 3380 xvc,
519 3314 559 3365 33.
788 3314 1115 3380 Aossdcdregumeaepose'las
1122 3314 1210 3366 Circus
1217 3315 1266 3364 ha·

229 3401 287 3463 Aoo.
299 3394 647 3461 Adspicienda.Accipe‘enda
654 3392 708 3445 Pa·
755 3395 823 3445 tebit
831 3411 899 3458 opes.
909 3391 1004 3459 Quum
1017 3392 1092 3445 variis
1104 3411 1134 3445 ac
1144 3391 1266 3460 speciosis

193 3471 291 3528 latinus
303 3490 372 3525 nnus
383 3482 410 3524 et
422 3471 494 3523 alius.
508 3469 633 3522 Heinsius
643 3469 707 3521 olim
758 3469 837 3522 rebus
851 3468 945 3522 Circus
958 3481 1096 3524 exornatus
1108 3471 1172 3536 erit,
1186 3470 1222 3523 ita
1236 3481 1268 3522 ut

193 3553 316 3617 volebat,
330 3551 493 3616 arripienda:
505 3565 561 3598 non
575 3546 659 3599 male:
671 3547 708 3600 ita
757 3546 849 3614 puellae
871 3546 920 3598 illis
943 3546 1152 3617 contemplandis
1175 3565 1268 3599 vacare

193 3629 287 3700 Via-gil.
301 3628 422 3694 xr,libro
431 3623 616 3696 AEneid.459:
758 3623 841 3693 magis
862 3643 942 3693 quarn
962 3625 1071 3679 amatori
1091 3624 1269 3690 velint,tunc

193 3721 304 3766 tamam,
314 3733 326 3758 ο
336 3719 402 3768 tiva,
415 3724 493 3766 smpeo
504 3724 589 3766 tenpore
598 3715 695 3764 Tamus,
757 3703 943 3756 abstinendum
956 3724 1011 3758 esse
1023 3725 1029 3757 :
1041 3716 1104 3757 tune
1117 3704 1192 3756 enim
1202 3717 1270 3770 ope·

197 3793 265 3841 equs
275 3793 391 3830 consitium.
756 3800 814 3833 ram
822 3783 849 3833 in
859 3781 908 3834 illis
914 3783 1081 3836 conciliandis
1089 3784 1184 3835 frustra
1190 3782 1270 3836 sumi.

237 3867 294 3930 4⁰¹·
321 3867 452 3919 Credenda
472 3865 561 3916 Ceres..
574 3864 708 3915 Tradeaeda
789 3860 1269 3932 dopffisleropusrluncln'slsikiems,

197 3940 339 3995 Palatinus.
354 3945 428 4007 Seges
439 3942 518 3993 etiam
532 3941 596 3993 alius
607 3940 707 4006 codex,
756 3945 816 3992 lunc
837 3943 941 3993 Pliades
964 3946 1069 3992 instant.
1091 3939 1177 4008 Supra
1204 3936 1272 3991 dixit

199 4016 310 4071 solemni
324 4019 528 4084 permutatione.
756 4028 852 4086 poeta,
870 4019 924 4070 Nec
942 4037 1040 4084 semper
1057 4020 1137 4068 m'rr'dr‘
1155 4034 1270 4069 eonem

225 4096 283 4162 405.
297 4096 353 4148 siae
364 4097 493 4162 kalende,
509 4115 574 4164 qnos
589 4098 708 4151 Venerem
752 4101 845 4164 puppis
857 4113 942 4162 aque,
955 4093 1088 4150 credenda
1104 4094 1208 4150 scilicet.
1223 4093 1272 4149 Ad
