2798 4702
238 337 280 404 32
517 301 558 401 1²ss
590 334 766 404 ovrnrr
794 331 1019 408 ansours

286 476 447 574 Caecaque
462 500 515 548 me
530 475 676 575 praedam
693 473 817 551 fecerat
832 476 882 552 ira
899 506 1011 567 suam;

234 593 355 666 Nonne
373 591 453 665 satis
471 589 578 665 fuerat
596 590 719 665 timidae
736 591 929 669 inclamasse
944 593 1082 694 puellae,
1269 618 1302 688 45

283 709 353 781 Nec
369 705 510 780 nimium
527 706 651 802 rigidas
666 707 854 782 intonuisse
870 708 1006 783 minas?
1323 717 1324 720 ’

235 825 309 897 Aut
328 823 474 897 tunicam
491 850 620 896 summa
637 822 799 898 deducere
817 824 960 925 turpiter
978 854 1038 899 ora

285 939 341 1013 Ad
357 939 520 1012 mediam?
534 937 650 1012 mediae
668 967 752 1011 zona
770 937 901 1012 tulisset
916 968 1023 1040 opem.

234 1058 282 1130 At
297 1084 387 1129 nune
405 1054 570 1141 sustinui,
587 1055 693 1155 raptis
709 1083 728 1128 a
744 1054 855 1130 fronte
873 1055 1023 1157 capillis,

282 1174 423 1245 Peneus
441 1172 603 1266 ingenuas
620 1198 733 1266 ungue
749 1188 867 1243 notare
885 1198 995 1265 genas.
1270 1194 1304 1247 so

234 1286 377 1360 Adstitit
392 1284 449 1358 illa
466 1313 595 1374 amens,
614 1283 710 1371 albo,
730 1303 765 1359 et
781 1285 853 1359 sine
871 1286 1049 1381 sanguine,
1067 1285 1180 1373 vultu,

284 1401 466 1476 Caeduntur
482 1399 589 1471 Pariis
608 1398 719 1498 qualia
736 1428 813 1473 saxa
827 1400 928 1497 jugis.

156 1536 160 1545 '
235 1519 411 1594 Exanimes
429 1533 536 1603 artus,
555 1533 589 1589 et
604 1514 753 1588 membra
771 1517 945 1590 trementia
961 1518 1045 1606 vidi;
1149 1582 1152 1588 .

282 1637 332 1707 Ut
349 1659 452 1733 quum
469 1629 631 1731 populeas
648 1628 787 1703 ventilat
802 1657 881 1702 aura
898 1659 1027 1721 comas;

232 1752 282 1823 Ut
296 1749 364 1822 leni
381 1740 533 1848 Zephyro
552 1743 683 1841 gracilis
700 1744 852 1818 vibratur
868 1745 997 1819 arundo
1012 1775 1021 1834 ;

281 1864 455 1938 Summave
472 1889 576 1963 quum
595 1859 708 1962 tepido
727 1861 903 1956 stringitur
919 1862 1010 1937 unda
1022 1864 1124 1938 Noto.

233 1982 474 2081 Suspensaeque
493 1976 551 2050 diu
567 1974 708 2050 lacrimae
721 1976 845 2051 fluxere
860 2006 1010 2078 perora,

231 2143 348 2215 predam
356 2140 458 2194 voranti
466 2145 530 2194 eiam
538 2140 596 2208 jure
606 2139 741 2193 adsimilat.

264 2222 304 2290 46.
311 2224 455 2273 latornum
462 2224 551 2270 minas.
564 2220 660 2270 Manus
669 2217 742 2270 Nea-

231 2296 598 2370 politanusetJunianus:sed
607 2295 742 2349 nihilmu-

230 2376 342 2432 tandum
353 2398 360 2439 3
373 2377 421 2429 nisi
435 2375 529 2444 reponi
541 2373 655 2445 placeret
669 2389 675 2423 ε

255 2463 297 2503 Neo
305 2463 410 2501 minimum
421 2462 493 2512 rigidus
504 2461 613 2499 intonuisse
619 2459 689 2499 nius.

231 2539 287 2590 Nec
297 2540 436 2597 mirratum,
451 2533 614 2603 subintellige
620 2532 719 2601 suerat.

264 2618 303 2682 47.
325 2616 383 2666 Ora.
397 2613 479 2666 Recte
492 2623 531 2665 est
543 2632 601 2674 om,
616 2621 670 2664 tam
682 2612 741 2678 hie,

232 2709 311 2759 quam
323 2691 349 2742 in
361 2689 540 2758 Metamorph.
556 2701 583 2743 et
596 2689 740 2760 decipitur,

232 2787 292 2821 mea
305 2766 413 2836 quidem
425 2767 573 2831 sententia,
597 2765 740 2833 Ciosanus,

231 2847 276 2915 qui
301 2843 415 2914 Regium
441 2843 581 2913 deceptum
601 2856 690 2899 censet
713 2845 742 2898 in

229 2925 309 2993 hujus
320 2922 454 2992 scripture
470 2920 645 2975 vindicatione
658 2943 665 2976 :
678 2941 742 2976 nem

230 3003 341 3073 quanti,
366 3001 490 3068 obsecro,
514 3011 554 3056 est
573 3001 653 3054 altera
676 3002 740 3069 illa,

230 3100 310 3150 quam
327 3081 398 3150 ipsus
409 3079 486 3132 nobis
497 3079 652 3133 substituere
665 3097 741 3133 ausus

230 3160 280 3214 lroc
293 3161 350 3213 loco
361 3177 419 3221 ore,
433 3176 482 3227 pro
490 3157 551 3210 ora!
565 3158 672 3212 Douzs„

263 3239 303 3305 48.
323 3238 360 3289 Ut
371 3239 486 3290 medebor.
502 3236 592 3290 Scribe
605 3255 666 3289 curn
680 3237 741 3290 Pu-

231 3324 327 3368 teaneo
334 3326 360 3368 et
366 3316 444 3368 tertio
453 3314 583 3380 Palatino,
594 3313 741 3384 eodemque

230 3395 346 3465 optimo,
361 3406 419 3448 turn
431 3405 459 3448 et
470 3394 555 3464 prima
568 3392 683 3448 editione
695 3410 702 3444 ε

230 3483 274 3522 Aut
282 3485 369 3522 tunicum
379 3497 456 3522 sunm
468 3483 563 3522 deducere
571 3484 655 3533 turpiter
662 3496 696 3521 ore

255 3557 289 3596 Ad
297 3557 382 3595 medieni
390 3569 396 3595 ε
405 3557 473 3595 medi·
480 3569 529 3595 sone
537 3556 613 3593 tulisset
620 3568 684 3606 optem
696 3556 736 3620 Η..

263 3634 304 3703 49.
321 3633 424 3697 Raptis.
436 3630 472 3682 Et
488 3629 531 3682 hic
549 3629 603 3681 duo
620 3630 741 3684 Vaticani

229 3714 309 3776 ruptis
325 3707 431 3761 habent.
448 3707 591 3774 Francius,
610 3708 678 3761 sorte
695 3718 741 3762 la-

232 3807 294 3840 men
301 3792 414 3853 prersr’s,
427 3786 555 3857 scripsisse
565 3785 644 3840 Orid.
655 3787 741 3855 conji-

229 3865 272 3917 cit.
285 3864 325 3917 Ita
338 3875 407 3918 certe
420 3865 531 3931 Noster,
545 3865 612 3918 Met.
624 3880 663 3932 11,
676 3867 739 3938 476:

230 3948 287 3987 Dixit
296 3961 302 3996 5
311 3953 330 3984 et
338 3945 420 3984 adverse
424 3949 501 3998 prensis
509 3961 521 3985 ι
528 3946 593 3986 trost·
599 3946 682 3998 capillis.

231 4016 304 4071 Nihil
315 4027 404 4070 tamen
416 4018 473 4071 sine
485 4018 556 4072 libris
567 4029 650 4071 muto.
664 4018 694 4071 B.

264 4098 304 4150 51.
321 4097 435 4148 Adsum
449 4099 497 4146 r'lla
513 4115 601 4149 amens
618 4107 667 4150 etc.
685 4097 740 4150 Pro

789 2161 890 2201 amens,
898 2141 975 2194 multi
981 2152 1095 2208 veteres,
1103 2158 1205 2208 gemens
1214 2158 1222 2191 .·
1231 2139 1299 2207 duo,

790 2221 900 2272 demens.
906 2218 990 2288 Lego,
998 2225 1106 2271 tremens
1109 2219 1205 2286 pavido
1211 2223 1239 2270 et
1244 2223 1300 2270 seire

789 2295 1300 2366 sargumevultu.Nisiproameus,malis
1362 2296 1366 2303 '

786 2395 890 2444 parens.
901 2375 967 2429 Met
981 2391 1020 2442 vt,
1031 2377 1089 2443 527,
1100 2373 1132 2428 de
1142 2373 1300 2428 Philomela:

790 2468 828 2506 llls
837 2468 902 2505 tremit
908 2495 916 2515 ,
927 2465 981 2505 selm
987 2479 1036 2516 ugus
1044 2477 1124 2516 prens,
1132 2479 1175 2518 qun
1182 2465 1248 2504 seruis
1256 2464 1300 2502 esni

793 2541 832 2580 0oe
842 2553 923 2580 exensu
933 2540 983 2590 lupi.

790 2616 898 2667 -Atbo
905 2632 959 2668 non
965 2612 1139 2678 movendum,
1147 2610 1217 2681 quod
1225 2630 1300 2665 com-

790 2693 891 2763 paratio
902 2711 917 2744 a
929 2709 1061 2744 marmore
1078 2689 1198 2743 desumto
1210 2691 1301 2758 requi-

790 2773 846 2825 rit:
865 2770 1078 2825 candidissimum
1097 2770 1169 2824 enirn
1189 2772 1300 2823 Pontem.

790 2850 883 2918 Neque
892 2849 972 2901 etiam
979 2869 1067 2902 aereus
1074 2859 1113 2902 est
1120 2847 1297 2911 movendum

789 2926 816 2979 id
829 2936 926 2978 estnon
938 2944 998 2984 sua,
1012 2936 1042 2978 ut
1053 2925 1111 2978 alibi
1125 2924 1200 2985 dicil;
1214 2942 1298 2994 quum

790 3021 865 3056 mens
878 3003 993 3069 abiisset,
1011 3013 1038 3056 et
1049 3013 1214 3056 consternata
1232 3015 1299 3058 esset

789 3082 890 3151 impetu
902 3099 978 3142 me03
992 3091 1019 3134 et
1031 3099 1108 3142 mox,
1127 3085 1236 3134 membra
1247 3088 1298 3135 tre-

790 3166 886 3212 mentia
896 3168 1051 3227 sequuntur.
1062 3157 1159 3213 Boiu.

823 3237 862 3290 56.
867 3237 997 3290 Summave
1001 3257 1073 3305 quum
1078 3240 1162 3304 tepido
1168 3241 1301 3305 stnirgr'tnr

789 3318 859 3369 unda
869 3321 935 3368 uolo.
951 3315 1037 3384 ipsam
1050 3334 1107 3368 rem
1124 3315 1233 3369 mirifice
1247 3335 1296 3368 ex-

789 3393 865 3465 ponit
873 3394 983 3447 verbum
993 3393 1042 3447 hoc
1051 3399 1178 3461 stnirgeoe.
1188 3391 1298 3446 Undam

790 3474 879 3539 enirn,
898 3492 981 3541 quum
999 3473 1102 3526 levioris
1118 3483 1198 3526 ventu
1217 3469 1298 3524 allatu
1378 3461 1381 3471 ’

788 3553 940 3619 impellatur,
962 3552 1068 3621 crispari
1086 3550 1170 3615 dicas,
1187 3559 1213 3601 et
1225 3548 1298 3616 quasi

789 3628 817 3681 in
829 3648 905 3698 rugas
912 3630 1038 3683 contrahi.
1046 3629 1128 3698 Quod
1137 3627 1244 3680 feliciter
1251 3624 1299 3677 ad-

789 3706 900 3760 modurn
909 3709 1049 3778 expressit,
1062 3708 1167 3775 antiqua
1179 3705 1218 3756 vir
1228 3702 1298 3771 apud

789 3787 948 3840 recentiores
955 3787 1052 3851 indole,
1059 3782 1173 3837 necsalis
1180 3799 1297 3849 unquam

790 3860 936 3918 laudandus
947 3875 1050 3919 nostm
1070 3866 1109 3913 Lu
1122 3863 1264 3913 Foularlse:

851 3955 880 3993 la
887 3956 978 3993 moindn
985 3963 1032 3991 uest
1041 3952 1076 4002 qui
1085 3951 1199 3989 dmentm

851 4029 897 4066 Far't
906 4028 958 4066 ridor
967 4028 986 4065 lu
993 4027 1036 4064 lm
1044 4028 1069 4063 do
1076 4027 1135 4064 Pecu.

787 4126 821 4140 -
831 4100 962 4153 &muare
972 4117 1053 4166 quum.
1066 4096 1217 4166 Elegantius
1229 4115 1297 4149 uncus
