2798 4702
401 364 635 432 AMORUM
660 366 690 432 Ι.
718 366 861 432 ELEG.
894 368 964 432 xl.
1164 367 1205 431 53

200 501 352 576 Carmina
369 531 466 602 quarn
484 504 649 590 tribuent,
667 502 752 577 fama
768 505 922 605 perennis
940 505 1012 578 erit.

149 619 218 695 Nec
236 620 330 706 dare,
350 619 407 693 sed
423 622 566 720 pretium
584 621 677 720 posci
695 621 858 716 dedignor
874 639 907 694 et
924 621 1001 694 odi:

200 733 302 829 Quod
318 763 404 829 nego
423 736 593 835 poscenti,
610 734 722 810 desine
740 735 838 826 velle;
855 737 952 810 dabo.

183 932 223 984 62.
243 934 324 997 Quam
335 937 450 986 trr'buent.
467 937 587 998 Facient,
602 933 657 1003 pri-
736 936 979 988 63.Necdare.Non
990 934 1139 1003 ideoneffat.
1150 937 1210 1005 quia

151 1028 211 1063 mus
223 1008 329 1064 Mureti.
705 1031 810 1080 avarus,
831 1012 878 1066 red
891 1012 962 1082 quod
968 1012 1209 1083 posce'indignetur.

155 1191 1210 1224 w

428 1309 432 1313 ’
498 1325 740 1413 ELEGIA
774 1328 855 1412 XI.

269 1688 385 1743 aran,
399 1692 436 1730 ur
449 1690 584 1732 curuos
597 1691 633 1730 no
646 1692 795 1732 comuntur
808 1693 970 1748 rourum,
987 1696 1090 1736 rosen.

163 1834 424 1940 CotLtGEttE
438 1868 599 1954 incertos,
617 1885 651 1940 ct
667 1868 702 1940 in
720 1866 835 1942 ordine
853 1897 977 1969 ponere
995 1872 1101 1945 crines

207 1979 327 2067 Docta,
346 2010 454 2081 neque
470 1981 603 2055 ancillas
620 1982 708 2054 inter
722 1978 892 2069 habenda,
908 1985 1019 2083 Nape;

159 2091 262 2195 Inque
280 2095 471 2167 ministeriis
486 2094 614 2169 firrtivae
631 2095 762 2190 cognita
779 2097 887 2170 noctis

205 2206 322 2319 Utilia,
341 2226 375 2281 et
392 2209 508 2282 dandis
526 2209 697 2304 ingeniosa
713 2209 820 2296 notis;

159 2324 249 2425 Saepe
266 2326 376 2400 venire
392 2325 433 2397 ad
450 2352 502 2397 me
520 2325 726 2398 dubitantem
743 2325 875 2398 hortata
893 2326 1071 2399 Corinnam
1087 2357 1096 2415 ;
1200 2351 1216 2402 5

205 2442 298 2543 Sapo
314 2439 479 2515 laboranti
496 2439 561 2513 lida
577 2458 707 2541 reperta
722 2440 826 2528 mihi;

194 2659 250 2691 ιη.
270 2641 392 2704 Colligere
402 2644 572 2691 incertos..„„.
581 2643 663 2691 cn'nes
711 2640 833 2691 ceruicula·
840 2655 899 2706 ope,
911 2640 1032 2690 collectos
1037 2639 1122 2694 crines
1131 2644 1158 2693 r'n
1170 2660 1217 2694 or·

79 2738 84 2749 ·
159 2716 548 2784 doclaetc.Notatograecismo,
561 2714 592 2767 ad
606 2734 664 2768 ma-
711 2719 770 2768 diue
778 2725 901 2784 poneret,
911 2725 937 2767 et
945 2715 1033 2768 docilis
1039 2715 1071 2768 ad
1079 2718 1215 2771 arbitrium

161 2795 220 2861 jora
235 2792 432 2845 uanaeundum.
452 2796 490 2848 Ac
502 2794 587 2863 primo
599 2794 663 2863 qui-
712 2792 825 2846 dominae
844 2792 969 2846 flecteret.
989 2795 1050 2849 Hoc
1069 2799 1170 2864 Napes,
1189 2805 1219 2848 ut

164 2868 226 2922 dem
237 2868 386 2934 sciendum,
399 2873 574 2939 gravissimum
586 2874 665 2941 edrfi·
712 2872 815 2925 videtur
824 2912 831 2939 ,
841 2873 974 2936 osticium
988 2893 1039 2943 qua
1049 2883 1155 2944 propter
1164 2874 1218 2943 plu·

163 2952 343 3016 camd'capabk
354 2967 450 3004 munuc
459 2969 513 3003 non
527 2952 605 3003 unius
616 2969 665 3002 an·
713 2951 810 3003 rimurn
827 2950 862 3003 illi
880 2949 947 3019 apud
966 2950 1101 3003 dominam
1114 2951 1218 3017 gratie,

162 3027 226 3080 citte
234 3026 301 3096 apud
310 3028 440 3081 Romanae
448 3028 540 3090 fuisse}
551 3027 596 3080 aed
606 3028 665 3097 plu·
713 3048 762 3081 nec
770 3032 952 3080 interancillas
960 3031 1083 3080 habenda.
1092 3025 1219 3079 Currero

161 3122 203 3156 res
216 3103 286 3172 (que
301 3110 415 3156 comete
425 3115 452 3157 et
467 3110 604 3158 omatn'ces
619 3103 666 3157 di·
714 3111 788 3174 Nape
804 3106 871 3157 dicta
888 3106 984 3170 suerit,
1005 3123 1059 3157 non
1078 3103 1155 3157 video
1170 3103 1220 3158 nisi

160 3181 315 3252 cebantur),
325 3183 372 3236 sibi
381 3181 529 3235 vindicasse.
542 3182 666 3251 Quarum
715 3183 851 3251 deduxeris
859 3201 873 3234 a
882 3184 962 3247 νάκος,
974 3182 1054 3234 saltur
1062 3221 1069 3247 ‚
1078 3181 1150 3234 iocur
1161 3182 1221 3250 qui·

161 3260 209 3311 uni
235 3278 297 3311 cura
321 3260 438 3329 primurn
460 3258 667 3312 demandabatur
715 3261 777 3314 libet
793 3260 917 3318 arborum
931 3258 1058 3312 densitate
1074 3259 1221 3312 subobscu-

162 3337 308 3406 cn'spandi‚
321 3348 347 3390 et
358 3335 477 3390 vibrandi
488 3337 607 3407 capillos,
623 3353 669 3388 ca-
715 3358 773 3400 run
787 3336 857 3390 unde
870 3348 981 3404 νακαῖαι,
994 3336 1135 3407 nymphae,
1150 3337 1222 3389 istius
1298 3373 1301 3383 .

162 3414 216 3467 lido
228 3416 312 3481 ferro,
325 3414 395 3484 quod
406 3419 578 3468 calamitum
589 3431 669 3466 voca-
715 3415 787 3469 modi
802 3415 921 3468 locorum
938 3413 1066 3483 praesides.
1088 3412 1170 3482 Quod
1190 3431 1223 3465 eo

162 3493 249 3558 bant,·
274 3497 403 3561 ciniflones
418 3512 496 3555 vero,
518 3494 563 3562 qui
583 3500 668 3561 parte·
716 3493 1078 3563 libentiuaadmittam‚quod
1087 3494 1140 3563 ipsa
1149 3494 1223 3563 Nape

162 3572 230 3624 hanc
246 3570 330 3623 cultus
341 3571 473 3625 muliebris
484 3571 668 3640 adimplebant.
716 3579 818 3641 cognita
828 3574 857 3625 in
868 3572 1018 3626 ministeriis
1019 3571 1123 3636 furtive
1133 3575 1223 3623 nociti.

163 3651 274 3705 Subibat
284 3669 361 3717 mox,
373 3669 431 3719 quoe
442 3651 555 3704 vibratos
566 3650 669 3720 capillos
716 3653 873 3704 -Incedos
888 3655 989 3703 crines:
1008 3667 1088 3718 quem
1101 3648 1128 3700 in
1147 3646 1225 3701 ordi-

162 3732 239 3800 largis
251 3730 379 3799 unguenti
392 3729 529 3798 cujuslibet
544 3729 669 3781 imbribus
718 3749 781 3783 nom
793 3738 964 3798 ponerentur,

162 3809 299 3879 irrigaret;
319 3817 346 3860 et
362 3807 462 3876 abipso
474 3805 560 3859 ollicio
573 3808 671 3859 Psecas
752 3811 774 3859 5.
786 3809 946 3874 &pertenire
952 3807 1043 3857 alme.
1053 3802 1165 3856 Numeri
1173 3802 1225 3855 du-

164 3894 191 3954 (a
205 3893 312 3958 ψικάζω,
329 3893 413 3949 stillo,
430 3888 517 3955 r'tn'go)
529 3887 670 3941 dicebatur.
717 3885 806 3938 riores.
819 3885 888 3936 Puto
899 3880 1085 3947 scribendum,
1097 3900 1163 3948 sepe
1173 3901 1224 3933 ue-

165 3967 288 4020 Tandem
307 3965 445 4020 accedebat
464 3966 513 4036 (et
529 3965 580 4018 boc
599 3965 672 4033 quasi
719 3968 772 4016 rire
780 3964 848 4014 mihi.
861 3961 961 4014 Hssrns.
970 3959 1041 4014 Nihil
1049 3970 1125 4013 muto
1132 3968 1224 4013 contra

167 4045 286 4112 quedam
305 4055 363 4098 erat
385 4045 537 4114 profectura
560 4042 672 4112 capillo-
719 4040 805 4094 libros.
817 4038 861 4091 Sic
872 4053 912 4102 ιι,
927 4037 1000 4107 Eleg.
1013 4053 1039 4104 1,
1052 4037 1104 4104 34:

165 4125 371 4189 summalae,
385 4139 442 4191 quae
450 4121 557 4190 pectinis
565 4121 606 4178 rel
616 4122 673 4174 dis·
744 4121 859 4171 Macron,
868 4120 954 4174 mom
961 4119 1118 4171 municipi·
1125 4116 1186 4159 ¹⁰³¹·
1198 4114 1223 4155 Β·
