<?xml version="1.0" encoding="UTF-8"?>
<!DOCTYPE html PUBLIC "-//W3C//DTD XHTML 1.0 Transitional//EN"
    "http://www.w3.org/TR/xhtml1/DTD/xhtml1-transitional.dtd">
<html xmlns="http://www.w3.org/1999/xhtml" xml:lang="en" lang="en">
 <head>
  <title>
</title>
<meta http-equiv="Content-Type" content="text/html;charset=utf-8" />
  <meta name='ocr-system' content='tesseract 3.04.00' />
  <meta name='ocr-capabilities' content='ocr_page ocr_carea ocr_par ocr_line ocrx_word'/>
</head>
<body>
  <div class='ocr_page' id='page_1' title='image "./publiiovidiinas00massgoog_0430.png"; bbox 0 0 2798 4702; ppageno 0'>
   <div class='ocr_carea' id='block_1_1' title="bbox 408 318 1322 436">
    <p class='ocr_par' dir='ltr' id='par_1_1' title="bbox 408 298 1322 436">
     <span class='ocr_line' id='line_1_1' title="bbox 408 318 1322 436; baseline -0.002 -17"><span class='ocrx_word' id='word_1_1' title='bbox 408 347 664 419; x_wconf 77' lang='lat' dir='ltr'>namnum</span> <span class='ocrx_word' id='word_1_2' title='bbox 694 347 939 419; x_wconf 78' lang='lat' dir='ltr'>amoris.</span> <span class='ocrx_word' id='word_1_3' title='bbox 992 340 1026 361; x_wconf 75' lang='lat'>·‘</span> <span class='ocrx_word' id='word_1_4' title='bbox 1060 318 1065 327; x_wconf 76' lang='grc'><em>’</em></span> <span class='ocrx_word' id='word_1_5' title='bbox 1138 348 1226 436; x_wconf 74' lang='lat'><strong>425·</strong></span> <span class='ocrx_word' id='word_1_6' title='bbox 1316 345 1322 355; x_wconf 90' lang='lat'><strong>·</strong></span> 
     </span>
    </p>
   </div>
   <div class='ocr_carea' id='block_1_2' title="bbox 47 487 1210 1646">
    <p class='ocr_par' dir='ltr' id='par_1_2' title="bbox 47 487 1210 1646">
     <span class='ocr_line' id='line_1_2' title="bbox 133 487 1023 590; baseline 0.003 -31"><span class='ocrx_word' id='word_1_7' title='bbox 133 490 242 563; x_wconf 86' lang='lat' dir='ltr'>Janua</span> <span class='ocrx_word' id='word_1_8' title='bbox 258 488 345 562; x_wconf 83' lang='lat' dir='ltr'>sorte</span> <span class='ocrx_word' id='word_1_9' title='bbox 362 491 478 590; x_wconf 85' lang='lat' dir='ltr'>patet?</span> <span class='ocrx_word' id='word_1_10' title='bbox 492 487 644 590; x_wconf 87' lang='lat' dir='ltr'>quamvis</span> <span class='ocrx_word' id='word_1_11' title='bbox 660 488 874 577; x_wconf 83' lang='lat' dir='ltr'>revocabere,</span> <span class='ocrx_word' id='word_1_12' title='bbox 888 491 1023 581; x_wconf 62' lang='lat' dir='ltr'>&#39;transis</span> 
     </span>
     <span class='ocr_line' id='line_1_3' title="bbox 183 604 1208 681; baseline -0.002 -1"><span class='ocrx_word' id='word_1_13' title='bbox 183 608 248 680; x_wconf 85' lang='lat' dir='ltr'>Est</span> <span class='ocrx_word' id='word_1_14' title='bbox 264 605 340 680; x_wconf 90' lang='lat' dir='ltr'>data</span> <span class='ocrx_word' id='word_1_15' title='bbox 357 609 453 681; x_wconf 82' lang='lat' dir='ltr'>nox?</span> <span class='ocrx_word' id='word_1_16' title='bbox 468 606 586 679; x_wconf 89' lang='lat' dir='ltr'>dubita</span> <span class='ocrx_word' id='word_1_17' title='bbox 602 622 701 678; x_wconf 90' lang='lat' dir='ltr'>nocte</span> <span class='ocrx_word' id='word_1_18' title='bbox 718 605 830 678; x_wconf 84' lang='lat' dir='ltr'>venire</span> <span class='ocrx_word' id='word_1_19' title='bbox 847 604 934 678; x_wconf 86' lang='lat' dir='ltr'>data.</span> <span class='ocrx_word' id='word_1_20' title='bbox 963 606 966 610; x_wconf 66' lang='grc'>’</span> <span class='ocrx_word' id='word_1_21' title='bbox 1158 627 1208 679; x_wconf 73' lang='lat'>520</span> 
     </span>
     <span class='ocr_line' id='line_1_4' title="bbox 47 720 965 824; baseline -0.004 -24"><span class='ocrx_word' id='word_1_22' title='bbox 47 788 54 800; x_wconf 94' lang='lat'>.</span> <span class='ocrx_word' id='word_1_23' title='bbox 135 722 240 797; x_wconf 88' lang='lat' dir='ltr'>Posse</span> <span class='ocrx_word' id='word_1_24' title='bbox 257 725 327 824; x_wconf 92' lang='lat' dir='ltr'>pati</span> <span class='ocrx_word' id='word_1_25' title='bbox 343 723 438 797; x_wconf 87' lang='lat' dir='ltr'>sacile</span> <span class='ocrx_word' id='word_1_26' title='bbox 454 740 524 810; x_wconf 89' lang='lat' dir='ltr'>est,</span> <span class='ocrx_word' id='word_1_27' title='bbox 541 722 604 796; x_wconf 91' lang='lat' dir='ltr'>tibi</span> <span class='ocrx_word' id='word_1_28' title='bbox 622 723 657 794; x_wconf 94' lang='lat' dir='ltr'>ni</span> <span class='ocrx_word' id='word_1_29' title='bbox 674 721 839 822; x_wconf 85' lang='lat' dir='ltr'>sapientia</span> <span class='ocrx_word' id='word_1_30' title='bbox 856 720 965 811; x_wconf 87' lang='lat' dir='ltr'>desit;</span> 
     </span>
     <span class='ocr_line' id='line_1_5' title="bbox 186 837 860 941; baseline -0.004 -28"><span class='ocrx_word' id='word_1_31' title='bbox 186 840 379 941; x_wconf 91' lang='lat' dir='ltr'>Promptius</span> <span class='ocrx_word' id='word_1_32' title='bbox 393 869 411 914; x_wconf 92' lang='lat' dir='ltr'>e</span> <span class='ocrx_word' id='word_1_33' title='bbox 427 837 517 912; x_wconf 86' lang='lat' dir='ltr'>sacili</span> <span class='ocrx_word' id='word_1_34' title='bbox 533 837 653 935; x_wconf 80' lang='lat' dir='ltr'>gaudia</span> <span class='ocrx_word' id='word_1_35' title='bbox 670 837 755 911; x_wconf 83' lang='lat' dir='ltr'>ferre</span> <span class='ocrx_word' id='word_1_36' title='bbox 773 837 860 912; x_wconf 87' lang='lat' dir='ltr'>licet.</span> 
     </span>
     <span class='ocr_line' id='line_1_6' title="bbox 137 948 1034 1058; baseline -0.001 -28"><span class='ocrx_word' id='word_1_37' title='bbox 137 959 183 1030; x_wconf 89' lang='lat' dir='ltr'>Et</span> <span class='ocrx_word' id='word_1_38' title='bbox 198 958 374 1058; x_wconf 88' lang='lat' dir='ltr'>quisquam</span> <span class='ocrx_word' id='word_1_39' title='bbox 391 972 555 1057; x_wconf 78' lang='lat' dir='ltr'>precepta</span> <span class='ocrx_word' id='word_1_40' title='bbox 571 972 686 1056; x_wconf 86' lang='lat' dir='ltr'>potest</span> <span class='ocrx_word' id='word_1_41' title='bbox 700 983 773 1029; x_wconf 89' lang='lat' dir='ltr'>mea</span> <span class='ocrx_word' id='word_1_42' title='bbox 789 955 872 1030; x_wconf 89' lang='lat' dir='ltr'>dura</span> <span class='ocrx_word' id='word_1_43' title='bbox 888 948 1034 1029; x_wconf 84' lang='lat' dir='ltr'>vocare?</span> 
     </span>
     <span class='ocr_line' id='line_1_7' title="bbox 186 1070 798 1172; baseline 0.003 -28"><span class='ocrx_word' id='word_1_44' title='bbox 186 1075 240 1144; x_wconf 88' lang='lat' dir='ltr'>En</span> <span class='ocrx_word' id='word_1_45' title='bbox 256 1073 353 1146; x_wconf 88' lang='lat' dir='ltr'>etiarn</span> <span class='ocrx_word' id='word_1_46' title='bbox 369 1088 480 1172; x_wconf 91' lang='lat' dir='ltr'>partes</span> <span class='ocrx_word' id='word_1_47' title='bbox 498 1070 708 1146; x_wconf 85' lang='lat' dir='ltr'>conciliantis</span> <span class='ocrx_word' id='word_1_48' title='bbox 724 1100 798 1168; x_wconf 84' lang='lat' dir='ltr'>ago.</span> 
     </span>
     <span class='ocr_line' id='line_1_8' title="bbox 137 1187 1210 1287; baseline 0.006 -27"><span class='ocrx_word' id='word_1_49' title='bbox 137 1189 243 1275; x_wconf 88' lang='lat' dir='ltr'>Nam,</span> <span class='ocrx_word' id='word_1_50' title='bbox 261 1187 420 1287; x_wconf 82' lang='lat' dir='ltr'>quoniam</span> <span class='ocrx_word' id='word_1_51' title='bbox 437 1188 567 1261; x_wconf 67' lang='lat' dir='ltr'>uariant</span> <span class='ocrx_word' id='word_1_52' title='bbox 582 1187 703 1275; x_wconf 86' lang='lat' dir='ltr'>animi,</span> <span class='ocrx_word' id='word_1_53' title='bbox 718 1188 883 1262; x_wconf 83' lang='lat' dir='ltr'>variamus</span> <span class='ocrx_word' id='word_1_54' title='bbox 901 1203 935 1260; x_wconf 93' lang='lat' dir='ltr'>et</span> <span class='ocrx_word' id='word_1_55' title='bbox 952 1206 1048 1264; x_wconf 90' lang='lat' dir='ltr'>artes.</span> <span class='ocrx_word' id='word_1_56' title='bbox 1161 1212 1210 1267; x_wconf 79' lang='lat'>525</span> 
     </span>
     <span class='ocr_line' id='line_1_9' title="bbox 186 1299 913 1403; baseline -0.003 -26"><span class='ocrx_word' id='word_1_57' title='bbox 186 1299 283 1377; x_wconf 77' lang='lat' dir='ltr'>Mitte</span> <span class='ocrx_word' id='word_1_58' title='bbox 302 1300 380 1375; x_wconf 88' lang='lat' dir='ltr'>mali</span> <span class='ocrx_word' id='word_1_59' title='bbox 396 1301 543 1403; x_wconf 89' lang='lat' dir='ltr'>species,</span> <span class='ocrx_word' id='word_1_60' title='bbox 559 1300 650 1376; x_wconf 89' lang='lat' dir='ltr'>mille</span> <span class='ocrx_word' id='word_1_61' title='bbox 667 1301 784 1376; x_wconf 86' lang='lat' dir='ltr'>salutis</span> <span class='ocrx_word' id='word_1_62' title='bbox 802 1318 913 1375; x_wconf 81' lang='lat' dir='ltr'>erunt</span> 
     </span>
     <span class='ocr_line' id='line_1_10' title="bbox 141 1416 946 1519; baseline 0 -26"><span class='ocrx_word' id='word_1_63' title='bbox 141 1420 292 1519; x_wconf 83' lang='lat' dir='ltr'>Corpora</span> <span class='ocrx_word' id='word_1_64' title='bbox 308 1417 363 1489; x_wconf 78' lang='lat' dir='ltr'>vix</span> <span class='ocrx_word' id='word_1_65' title='bbox 377 1416 466 1491; x_wconf 89' lang='lat' dir='ltr'>serro</span> <span class='ocrx_word' id='word_1_66' title='bbox 486 1418 636 1518; x_wconf 79' lang='lat' dir='ltr'>quaedam</span> <span class='ocrx_word' id='word_1_67' title='bbox 649 1436 810 1492; x_wconf 87' lang='lat' dir='ltr'>sanantur</span> <span class='ocrx_word' id='word_1_68' title='bbox 824 1436 923 1492; x_wconf 89' lang='lat' dir='ltr'>acuto</span> <span class='ocrx_word' id='word_1_69' title='bbox 938 1449 946 1493; x_wconf 88' lang='lat'>:</span> 
     </span>
     <span class='ocr_line' id='line_1_11' title="bbox 188 1531 895 1646; baseline 0.003 -39"><span class='ocrx_word' id='word_1_70' title='bbox 188 1531 361 1607; x_wconf 81' lang='lat' dir='ltr'>Auxilium</span> <span class='ocrx_word' id='word_1_71' title='bbox 379 1532 495 1608; x_wconf 89' lang='lat' dir='ltr'>multis</span> <span class='ocrx_word' id='word_1_72' title='bbox 510 1562 629 1609; x_wconf 83' lang='lat' dir='ltr'>succus</span> <span class='ocrx_word' id='word_1_73' title='bbox 647 1552 682 1646; x_wconf 74' lang='lat' dir='ltr'>et</span> <span class='ocrx_word' id='word_1_74' title='bbox 696 1535 803 1632; x_wconf 82' lang='lat' dir='ltr'>berba</span> <span class='ocrx_word' id='word_1_75' title='bbox 819 1534 895 1610; x_wconf 83' lang='lat' dir='ltr'>suit.</span> 
     </span>
    </p>
   </div>
   <div class='ocr_carea' id='block_1_3' title="bbox 141 1678 1214 2245">
    <p class='ocr_par' dir='ltr' id='par_1_3' title="bbox 141 1678 1082 1781">
     <span class='ocr_line' id='line_1_12' title="bbox 141 1678 1082 1781; baseline 0.001 -28"><span class='ocrx_word' id='word_1_76' title='bbox 141 1681 317 1753; x_wconf 76' lang='lat' dir='ltr'>MOLLIOR</span> <span class='ocrx_word' id='word_1_77' title='bbox 335 1706 457 1770; x_wconf 86' lang='lat' dir='ltr'>es,nec</span> <span class='ocrx_word' id='word_1_78' title='bbox 472 1678 565 1753; x_wconf 89' lang='lat' dir='ltr'>abire</span> <span class='ocrx_word' id='word_1_79' title='bbox 583 1696 702 1781; x_wconf 88' lang='lat' dir='ltr'>potes,</span> <span class='ocrx_word' id='word_1_80' title='bbox 724 1680 924 1780; x_wconf 84' lang='lat' dir='ltr'>vinctusque</span> <span class='ocrx_word' id='word_1_81' title='bbox 943 1680 1082 1768; x_wconf 90' lang='lat' dir='ltr'>teneris,</span> 
     </span>
    </p>

    <p class='ocr_par' dir='ltr' id='par_1_4' title="bbox 142 1794 1214 2000">
     <span class='ocr_line' id='line_1_13' title="bbox 191 1794 1214 1897; baseline 0.004 -31"><span class='ocrx_word' id='word_1_82' title='bbox 191 1796 237 1867; x_wconf 88' lang='lat' dir='ltr'>Et</span> <span class='ocrx_word' id='word_1_83' title='bbox 253 1812 311 1869; x_wconf 93' lang='lat' dir='ltr'>tua</span> <span class='ocrx_word' id='word_1_84' title='bbox 326 1823 431 1869; x_wconf 85' lang='lat' dir='ltr'>saevus</span> <span class='ocrx_word' id='word_1_85' title='bbox 448 1797 555 1869; x_wconf 87' lang='lat' dir='ltr'>Amor</span> <span class='ocrx_word' id='word_1_86' title='bbox 572 1796 636 1869; x_wconf 89' lang='lat' dir='ltr'>snb</span> <span class='ocrx_word' id='word_1_87' title='bbox 655 1795 738 1897; x_wconf 91' lang='lat' dir='ltr'>pede</span> <span class='ocrx_word' id='word_1_88' title='bbox 757 1794 844 1870; x_wconf 83' lang='lat' dir='ltr'>coila</span> <span class='ocrx_word' id='word_1_89' title='bbox 859 1796 1007 1897; x_wconf 84' lang='lat' dir='ltr'>premit?</span> <span class='ocrx_word' id='word_1_90' title='bbox 1129 1840 1135 1850; x_wconf 92' lang='lat'><strong>·</strong></span> <span class='ocrx_word' id='word_1_91' title='bbox 1165 1817 1214 1871; x_wconf 74' lang='lat' dir='ltr'>tto</span> 
     </span>
     <span class='ocr_line' id='line_1_14' title="bbox 142 1908 929 2000; baseline 0.003 -19"><span class='ocrx_word' id='word_1_92' title='bbox 142 1910 266 1985; x_wconf 89' lang='lat' dir='ltr'>Desine</span> <span class='ocrx_word' id='word_1_93' title='bbox 284 1908 419 2000; x_wconf 89' lang='lat' dir='ltr'>luctari;</span> <span class='ocrx_word' id='word_1_94' title='bbox 434 1912 580 1987; x_wconf 85' lang='lat' dir='ltr'>referant</span> <span class='ocrx_word' id='word_1_95' title='bbox 596 1930 654 1987; x_wconf 90' lang='lat' dir='ltr'>tua</span> <span class='ocrx_word' id='word_1_96' title='bbox 670 1912 806 1986; x_wconf 87' lang='lat' dir='ltr'>carbasa</span> <span class='ocrx_word' id='word_1_97' title='bbox 818 1911 929 1999; x_wconf 86' lang='lat' dir='ltr'>venti;</span> 
     </span>
    </p>

    <p class='ocr_par' dir='ltr' id='par_1_5' title="bbox 142 2027 1043 2245">
     <span class='ocr_line' id='line_1_15' title="bbox 192 2027 996 2128; baseline -0.002 -28"><span class='ocrx_word' id='word_1_98' title='bbox 192 2027 339 2128; x_wconf 86' lang='lat' dir='ltr'>Quoque</span> <span class='ocrx_word' id='word_1_99' title='bbox 357 2047 477 2102; x_wconf 86' lang='lat' dir='ltr'>vocant</span> <span class='ocrx_word' id='word_1_100' title='bbox 494 2028 630 2117; x_wconf 89' lang='lat' dir='ltr'>ssuctus,</span> <span class='ocrx_word' id='word_1_101' title='bbox 644 2029 707 2102; x_wconf 88' lang='lat' dir='ltr'>hac</span> <span class='ocrx_word' id='word_1_102' title='bbox 724 2028 787 2100; x_wconf 95' lang='lat' dir='ltr'>tibi</span> <span class='ocrx_word' id='word_1_103' title='bbox 804 2056 915 2101; x_wconf 85' lang='lat' dir='ltr'>remus</span> <span class='ocrx_word' id='word_1_104' title='bbox 934 2044 996 2100; x_wconf 90' lang='lat' dir='ltr'>eat.</span> 
     </span>
     <span class='ocr_line' id='line_1_16' title="bbox 142 2142 1043 2245; baseline -0.004 -28"><span class='ocrx_word' id='word_1_105' title='bbox 142 2142 318 2245; x_wconf 84' lang='lat' dir='ltr'>Explenda</span> <span class='ocrx_word' id='word_1_106' title='bbox 335 2164 385 2219; x_wconf 89' lang='lat' dir='ltr'>est</span> <span class='ocrx_word' id='word_1_107' title='bbox 401 2146 474 2219; x_wconf 91' lang='lat' dir='ltr'>sitis</span> <span class='ocrx_word' id='word_1_108' title='bbox 492 2147 556 2220; x_wconf 91' lang='lat' dir='ltr'>ista</span> <span class='ocrx_word' id='word_1_109' title='bbox 575 2144 655 2233; x_wconf 91' lang='lat' dir='ltr'>tibi,</span> <span class='ocrx_word' id='word_1_110' title='bbox 672 2172 738 2244; x_wconf 92' lang='lat' dir='ltr'>qua</span> <span class='ocrx_word' id='word_1_111' title='bbox 755 2142 906 2244; x_wconf 89' lang='lat' dir='ltr'>perditus</span> <span class='ocrx_word' id='word_1_112' title='bbox 926 2142 1043 2216; x_wconf 87' lang='lat' dir='ltr'>ardes:</span> 
     </span>
    </p>
   </div>
   <div class='ocr_carea' id='block_1_4' title="bbox 142 2265 1210 2618">
    <p class='ocr_par' dir='ltr' id='par_1_6' title="bbox 142 2265 1210 2618">
     <span class='ocr_line' id='line_1_17' title="bbox 194 2265 948 2367; baseline -0.004 -25"><span class='ocrx_word' id='word_1_113' title='bbox 194 2268 352 2343; x_wconf 89' lang='lat' dir='ltr'>Cedimus</span> <span class='ocrx_word' id='word_1_114' title='bbox 369 2299 377 2340; x_wconf 91' lang='lat'>:</span> <span class='ocrx_word' id='word_1_115' title='bbox 392 2297 411 2342; x_wconf 92' lang='lat' dir='ltr'>a</span> <span class='ocrx_word' id='word_1_116' title='bbox 424 2268 534 2342; x_wconf 90' lang='lat' dir='ltr'>medio</span> <span class='ocrx_word' id='word_1_117' title='bbox 548 2269 615 2367; x_wconf 88' lang='lat' dir='ltr'>jam</span> <span class='ocrx_word' id='word_1_118' title='bbox 630 2265 711 2342; x_wconf 89' lang='lat' dir='ltr'>licet</span> <span class='ocrx_word' id='word_1_119' title='bbox 727 2295 823 2341; x_wconf 87' lang='lat' dir='ltr'>amne</span> <span class='ocrx_word' id='word_1_120' title='bbox 838 2265 948 2339; x_wconf 91' lang='lat' dir='ltr'>bibas.</span> 
     </span>
     <span class='ocr_line' id='line_1_18' title="bbox 142 2390 1210 2494; baseline -0.004 -26"><span class='ocrx_word' id='word_1_121' title='bbox 142 2392 209 2468; x_wconf 87' lang='lat' dir='ltr'>Sed</span> <span class='ocrx_word' id='word_1_122' title='bbox 222 2394 304 2468; x_wconf 92' lang='lat' dir='ltr'>bibe</span> <span class='ocrx_word' id='word_1_123' title='bbox 321 2393 399 2494; x_wconf 90' lang='lat' dir='ltr'>plus</span> <span class='ocrx_word' id='word_1_124' title='bbox 415 2394 529 2482; x_wconf 90' lang='lat' dir='ltr'>etiam,</span> <span class='ocrx_word' id='word_1_125' title='bbox 545 2421 645 2494; x_wconf 88' lang='lat' dir='ltr'>quam</span> <span class='ocrx_word' id='word_1_126' title='bbox 663 2392 755 2493; x_wconf 90' lang='lat' dir='ltr'>quod</span> <span class='ocrx_word' id='word_1_127' title='bbox 770 2390 950 2493; x_wconf 71' lang='lat' dir='ltr'>precordia</span> <span class='ocrx_word' id='word_1_128' title='bbox 967 2409 1133 2492; x_wconf 91' lang='lat' dir='ltr'>poscunt;</span> <span class='ocrx_word' id='word_1_129' title='bbox 1160 2410 1210 2467; x_wconf 80' lang='lat'>535</span> 
     </span>
     <span class='ocr_line' id='line_1_19' title="bbox 196 2515 945 2618; baseline -0.001 -30"><span class='ocrx_word' id='word_1_130' title='bbox 196 2516 341 2589; x_wconf 81' lang='lat' dir='ltr'>Gutture</span> <span class='ocrx_word' id='word_1_131' title='bbox 358 2515 408 2590; x_wconf 81' lang='lat' dir='ltr'>sac</span> <span class='ocrx_word' id='word_1_132' title='bbox 426 2515 527 2618; x_wconf 87' lang='lat' dir='ltr'>pleno</span> <span class='ocrx_word' id='word_1_133' title='bbox 544 2534 653 2591; x_wconf 89' lang='lat' dir='ltr'>sumta</span> <span class='ocrx_word' id='word_1_134' title='bbox 667 2516 832 2591; x_wconf 87' lang='lat' dir='ltr'>redundet</span> <span class='ocrx_word' id='word_1_135' title='bbox 850 2543 945 2616; x_wconf 88' lang='lat' dir='ltr'>aqua.</span> 
     </span>
    </p>
   </div>
   <div class='ocr_carea' id='block_1_5' title="bbox 147 2708 1226 4038">
    <p class='ocr_par' dir='ltr' id='par_1_7' title="bbox 147 2708 1226 4038">
     <span class='ocr_line' id='line_1_20' title="bbox 147 2708 1217 2782; baseline -0.001 -21"><span class='ocrx_word' id='word_1_136' title='bbox 147 2728 195 2779; x_wconf 94' lang='lat' dir='ltr'>pro</span> <span class='ocrx_word' id='word_1_137' title='bbox 209 2708 311 2764; x_wconf 82' lang='lat' dir='ltr'>diversa</span> <span class='ocrx_word' id='word_1_138' title='bbox 320 2711 434 2766; x_wconf 86' lang='lat' dir='ltr'>lectione</span> <span class='ocrx_word' id='word_1_139' title='bbox 444 2732 450 2765; x_wconf 88' lang='lat'>:</span> <span class='ocrx_word' id='word_1_140' title='bbox 460 2711 530 2782; x_wconf 89' lang='lat' dir='ltr'>quod</span> <span class='ocrx_word' id='word_1_141' title='bbox 543 2721 570 2766; x_wconf 90' lang='lat' dir='ltr'>et</span> <span class='ocrx_word' id='word_1_142' title='bbox 581 2713 657 2767; x_wconf 79' lang='lat' dir='ltr'>Pata·</span> <span class='ocrx_word' id='word_1_143' title='bbox 706 2717 761 2767; x_wconf 68' lang='lat' dir='ltr'>suris</span> <span class='ocrx_word' id='word_1_144' title='bbox 770 2715 872 2766; x_wconf 76' lang='lat' dir='ltr'>sedibus</span> <span class='ocrx_word' id='word_1_145' title='bbox 879 2713 1024 2779; x_wconf 74' lang='lat' dir='ltr'>pmcilr&#39;em</span> <span class='ocrx_word' id='word_1_146' title='bbox 1036 2711 1217 2762; x_wconf 78' lang='lat' dir='ltr'>essedeslr&#39;tra·</span> 
     </span>
     <span class='ocr_line' id='line_1_21' title="bbox 147 2786 1219 2861; baseline 0 -20"><span class='ocrx_word' id='word_1_147' title='bbox 147 2789 223 2842; x_wconf 81' lang='lat' dir='ltr'>vinus</span> <span class='ocrx_word' id='word_1_148' title='bbox 235 2792 398 2860; x_wconf 75' lang='lat' dir='ltr'>agnoscebat.</span> <span class='ocrx_word' id='word_1_149' title='bbox 414 2793 528 2861; x_wconf 77' lang='lat' dir='ltr'>Regius,</span> <span class='ocrx_word' id='word_1_150' title='bbox 543 2795 597 2846; x_wconf 83' lang='lat' dir='ltr'>Nec</span> <span class='ocrx_word' id='word_1_151' title='bbox 607 2797 662 2846; x_wconf 74' lang='lat' dir='ltr'>siti</span> <span class='ocrx_word' id='word_1_152' title='bbox 706 2801 789 2860; x_wconf 50' lang='lat' dir='ltr'>serat·</span> <span class='ocrx_word' id='word_1_153' title='bbox 798 2792 843 2845; x_wconf 91' lang='lat' dir='ltr'>ubi</span> <span class='ocrx_word' id='word_1_154' title='bbox 853 2810 992 2861; x_wconf 82' lang='lat' dir='ltr'>perperam</span> <span class='ocrx_word' id='word_1_155' title='bbox 1002 2788 1129 2844; x_wconf 78' lang='lat' dir='ltr'>Heinsius</span> <span class='ocrx_word' id='word_1_156' title='bbox 1139 2786 1219 2841; x_wconf 80' lang='lat' dir='ltr'>male-</span> 
     </span>
     <span class='ocr_line' id='line_1_22' title="bbox 147 2870 972 2941; baseline 0.002 -21"><span class='ocrx_word' id='word_1_157' title='bbox 147 2872 318 2935; x_wconf 79' lang='lat' dir='ltr'>!amplaceal,</span> <span class='ocrx_word' id='word_1_158' title='bbox 326 2889 372 2922; x_wconf 82' lang='lat' dir='ltr'>nec</span> <span class='ocrx_word' id='word_1_159' title='bbox 379 2877 411 2922; x_wconf 79' lang='lat' dir='ltr'>Ie.</span> <span class='ocrx_word' id='word_1_160' title='bbox 422 2871 517 2941; x_wconf 85' lang='lat' dir='ltr'>Scripti</span> <span class='ocrx_word' id='word_1_161' title='bbox 528 2870 656 2941; x_wconf 81' lang='lat' dir='ltr'>plerique,</span> <span class='ocrx_word' id='word_1_162' title='bbox 705 2872 766 2938; x_wconf 89' lang='lat' dir='ltr'>bat,</span> <span class='ocrx_word' id='word_1_163' title='bbox 776 2875 897 2940; x_wconf 64' lang='lat' dir='ltr'>prosata</span> <span class='ocrx_word' id='word_1_164' title='bbox 909 2890 972 2926; x_wconf 84' lang='lat' dir='ltr'>esse.</span> 
     </span>
     <span class='ocr_line' id='line_1_23' title="bbox 147 2945 1218 3017; baseline -0.003 -17"><span class='ocrx_word' id='word_1_165' title='bbox 147 2949 218 3014; x_wconf 80' lang='lat' dir='ltr'>quod</span> <span class='ocrx_word' id='word_1_166' title='bbox 231 2954 256 3001; x_wconf 82' lang='lat' dir='ltr'>te</span> <span class='ocrx_word' id='word_1_167' title='bbox 271 2966 332 3001; x_wconf 87' lang='lat' dir='ltr'>cunr</span> <span class='ocrx_word' id='word_1_168' title='bbox 348 2949 432 3017; x_wconf 91' lang='lat' dir='ltr'>prima</span> <span class='ocrx_word' id='word_1_169' title='bbox 445 2948 561 3003; x_wconf 84' lang='lat' dir='ltr'>editione</span> <span class='ocrx_word' id='word_1_170' title='bbox 571 2969 578 3002; x_wconf 73' lang='grc' dir='ltr'><strong><em>ε</em></strong></span> <span class='ocrx_word' id='word_1_171' title='bbox 589 2968 659 3005; x_wconf 77' lang='lat' dir='ltr'>unus</span> <span class='ocrx_word' id='word_1_172' title='bbox 741 2949 798 3003; x_wconf 83' lang='lat'>530.</span> <span class='ocrx_word' id='word_1_173' title='bbox 808 2951 883 3003; x_wconf 75' lang='lat' dir='ltr'><em>Colla</em></span> <span class='ocrx_word' id='word_1_174' title='bbox 884 2955 983 3017; x_wconf 78' lang='lat' dir='ltr'>premit.</span> <span class='ocrx_word' id='word_1_175' title='bbox 991 2948 1082 3016; x_wconf 85' lang='lat' dir='ltr'>Major</span> <span class='ocrx_word' id='word_1_176' title='bbox 1090 2945 1218 2999; x_wconf 85' lang='lat' dir='ltr'>librorum</span> 
     </span>
     <span class='ocr_line' id='line_1_24' title="bbox 148 3025 1220 3099; baseline -0.002 -21"><span class='ocrx_word' id='word_1_177' title='bbox 148 3025 658 3097; x_wconf 82' lang='lat' dir='ltr'>meusprodirersalectione,quo:recte.</span> <span class='ocrx_word' id='word_1_178' title='bbox 707 3048 783 3099; x_wconf 80' lang='lat' dir='ltr'>pars,</span> <span class='ocrx_word' id='word_1_179' title='bbox 797 3028 930 3095; x_wconf 72' lang='lat' dir='ltr'>teud5sed</span> <span class='ocrx_word' id='word_1_180' title='bbox 943 3045 1089 3098; x_wconf 86' lang='lat' dir='ltr'>perperam.</span> <span class='ocrx_word' id='word_1_181' title='bbox 1099 3025 1220 3094; x_wconf 85' lang='lat' dir='ltr'>Propert.</span> 
     </span>
     <span class='ocr_line' id='line_1_25' title="bbox 182 3104 915 3176; baseline 0.007 -20"><span class='ocrx_word' id='word_1_182' title='bbox 182 3108 237 3156; x_wconf 78' lang='lat'>522.</span> <span class='ocrx_word' id='word_1_183' title='bbox 249 3107 369 3157; x_wconf 78' lang='lat' dir='ltr'>Protinus</span> <span class='ocrx_word' id='word_1_184' title='bbox 380 3104 660 3175; x_wconf 67' lang='lat' dir='ltr'>eface&#39;ligaudialerre</span> <span class='ocrx_word' id='word_1_185' title='bbox 708 3108 739 3176; x_wconf 88' lang='lat' dir='ltr'>l,</span> <span class='ocrx_word' id='word_1_186' title='bbox 753 3108 826 3176; x_wconf 79' lang='lat' dir='ltr'>Eleg.</span> <span class='ocrx_word' id='word_1_187' title='bbox 838 3124 866 3175; x_wconf 88' lang='lat'>1,</span> <span class='ocrx_word' id='word_1_188' title='bbox 880 3109 896 3173; x_wconf 79' lang='grc'><strong><em>4</em></strong></span> <span class='ocrx_word' id='word_1_189' title='bbox 908 3127 915 3161; x_wconf 89' lang='lat'>:</span> 
     </span>
     <span class='ocr_line' id='line_1_26' title="bbox 148 3181 1182 3254; baseline -0.005 -25"><span class='ocrx_word' id='word_1_190' title='bbox 148 3186 215 3234; x_wconf 71' lang='lat' dir='ltr'>lim.</span> <span class='ocrx_word' id='word_1_191' title='bbox 233 3181 322 3251; x_wconf 69' lang='lat' dir='ltr'>Lego,</span> <span class='ocrx_word' id='word_1_192' title='bbox 335 3185 458 3235; x_wconf 82' lang='lat' dir='ltr'>Prom‘us:</span> <span class='ocrx_word' id='word_1_193' title='bbox 471 3194 501 3237; x_wconf 76' lang='lat' dir='ltr'>ut</span> <span class='ocrx_word' id='word_1_194' title='bbox 512 3203 590 3254; x_wconf 67' lang='lat' dir='ltr'>supra</span> <span class='ocrx_word' id='word_1_195' title='bbox 601 3185 659 3237; x_wconf 77' lang='lat' dir='ltr'>Art.</span> <span class='ocrx_word' id='word_1_196' title='bbox 733 3193 760 3230; x_wconf 76' lang='lat' dir='ltr'>Bt</span> <span class='ocrx_word' id='word_1_197' title='bbox 767 3199 825 3242; x_wconf 75' lang='lat' dir='ltr'>eaput</span> <span class='ocrx_word' id='word_1_198' title='bbox 834 3191 931 3241; x_wconf 74' lang='lat' dir='ltr'>impositis</span> <span class='ocrx_word' id='word_1_199' title='bbox 941 3188 1012 3241; x_wconf 70' lang='lat' dir='ltr'>prurit</span> <span class='ocrx_word' id='word_1_200' title='bbox 1020 3201 1074 3227; x_wconf 72' lang='lat' dir='ltr'>emor</span> <span class='ocrx_word' id='word_1_201' title='bbox 1082 3186 1165 3238; x_wconf 75' lang='lat' dir='ltr'>pedibus</span> <span class='ocrx_word' id='word_1_202' title='bbox 1176 3201 1182 3237; x_wconf 75' lang='lat'>3</span> 
     </span>
     <span class='ocr_line' id='line_1_27' title="bbox 150 3260 1221 3331; baseline 0.001 -19"><span class='ocrx_word' id='word_1_203' title='bbox 150 3262 240 3313; x_wconf 84' lang='lat' dir='ltr'>Amat</span> <span class='ocrx_word' id='word_1_204' title='bbox 255 3260 312 3326; x_wconf 89' lang='lat'>111,</span> <span class='ocrx_word' id='word_1_205' title='bbox 326 3261 389 3330; x_wconf 74' lang='lat'>574:</span> <span class='ocrx_word' id='word_1_206' title='bbox 711 3264 757 3317; x_wconf 87' lang='lat' dir='ltr'>ubi</span> <span class='ocrx_word' id='word_1_207' title='bbox 789 3262 848 3316; x_wconf 87' lang='lat' dir='ltr'>vide</span> <span class='ocrx_word' id='word_1_208' title='bbox 872 3261 1029 3316; x_wconf 85' lang='lat' dir='ltr'>eruditionis</span> <span class='ocrx_word' id='word_1_209' title='bbox 1054 3260 1221 3331; x_wconf 75' lang='lat' dir='ltr'>elegantissi-</span> 
     </span>
     <span class='ocr_line' id='line_1_28' title="bbox 174 3338 1220 3409; baseline 0.004 -29"><span class='ocrx_word' id='word_1_210' title='bbox 174 3343 239 3380; x_wconf 78' lang='lat' dir='ltr'>Prone</span> <span class='ocrx_word' id='word_1_211' title='bbox 246 3343 299 3380; x_wconf 85' lang='lat' dir='ltr'>venit</span> <span class='ocrx_word' id='word_1_212' title='bbox 307 3343 384 3393; x_wconf 73' lang='lat' dir='ltr'>cupidi·</span> <span class='ocrx_word' id='word_1_213' title='bbox 394 3343 571 3384; x_wconf 65' lang='lat' dir='ltr'>inconvertendos.</span> <span class='ocrx_word' id='word_1_214' title='bbox 710 3359 762 3395; x_wconf 55' lang='grc' dir='ltr'>ωε</span> <span class='ocrx_word' id='word_1_215' title='bbox 778 3340 952 3409; x_wconf 72' lang='lat' dir='ltr'>interpretem</span> <span class='ocrx_word' id='word_1_216' title='bbox 964 3338 1163 3393; x_wconf 68' lang='lat' dir='ltr'>Broukhusium</span> <span class='ocrx_word' id='word_1_217' title='bbox 1173 3379 1180 3400; x_wconf 80' lang='lat'><strong><em>‚</em></strong></span> <span class='ocrx_word' id='word_1_218' title='bbox 1194 3350 1220 3392; x_wconf 79' lang='lat' dir='ltr'>et</span> 
     </span>
     <span class='ocr_line' id='line_1_29' title="bbox 151 3414 1221 3489; baseline 0 -21"><span class='ocrx_word' id='word_1_219' title='bbox 151 3414 662 3488; x_wconf 76' lang='lat' dir='ltr'>SedPuteaneusamanuprima,Prom·</span> <span class='ocrx_word' id='word_1_220' title='bbox 711 3438 777 3489; x_wconf 85' lang='lat' dir='ltr'>quos</span> <span class='ocrx_word' id='word_1_221' title='bbox 795 3418 891 3472; x_wconf 85' lang='lat' dir='ltr'>laudat.</span> <span class='ocrx_word' id='word_1_222' title='bbox 910 3419 939 3472; x_wconf 78' lang='lat' dir='ltr'>si</span> <span class='ocrx_word' id='word_1_223' title='bbox 959 3416 1022 3488; x_wconf 83' lang='lat' dir='ltr'>quid</span> <span class='ocrx_word' id='word_1_224' title='bbox 1041 3415 1221 3483; x_wconf 85' lang='lat' dir='ltr'>mutandum,</span> 
     </span>
     <span class='ocr_line' id='line_1_30' title="bbox 149 3496 1208 3569; baseline -0.003 -20"><span class='ocrx_word' id='word_1_225' title='bbox 149 3502 214 3559; x_wconf 71' lang='lat' dir='ltr'>turs,</span> <span class='ocrx_word' id='word_1_226' title='bbox 228 3496 300 3566; x_wconf 87' lang='lat' dir='ltr'>quod</span> <span class='ocrx_word' id='word_1_227' title='bbox 309 3515 414 3566; x_wconf 85' lang='lat' dir='ltr'>sequor.</span> <span class='ocrx_word' id='word_1_228' title='bbox 424 3498 456 3551; x_wconf 85' lang='lat' dir='ltr'>ln</span> <span class='ocrx_word' id='word_1_229' title='bbox 465 3517 521 3551; x_wconf 90' lang='lat' dir='ltr'>uno</span> <span class='ocrx_word' id='word_1_230' title='bbox 532 3499 663 3552; x_wconf 84' lang='lat' dir='ltr'>Vaticano</span> <span class='ocrx_word' id='word_1_231' title='bbox 712 3517 886 3569; x_wconf 87' lang='lat' dir='ltr'>reponerem,</span> <span class='ocrx_word' id='word_1_232' title='bbox 899 3503 973 3562; x_wconf 77' lang='lat' dir='ltr'>ten&#39;!,·</span> <span class='ocrx_word' id='word_1_233' title='bbox 985 3496 1032 3550; x_wconf 86' lang='lat' dir='ltr'>sed</span> <span class='ocrx_word' id='word_1_234' title='bbox 1043 3497 1081 3549; x_wconf 88' lang='lat' dir='ltr'>nil</span> <span class='ocrx_word' id='word_1_235' title='bbox 1092 3515 1208 3550; x_wconf 83' lang='lat' dir='ltr'>necesse.</span> 
     </span>
     <span class='ocr_line' id='line_1_31' title="bbox 152 3575 1224 3646; baseline -0.001 -19"><span class='ocrx_word' id='word_1_236' title='bbox 152 3586 208 3627; x_wconf 86' lang='lat' dir='ltr'>erat</span> <span class='ocrx_word' id='word_1_237' title='bbox 218 3616 225 3642; x_wconf 88' lang='lat'>,</span> <span class='ocrx_word' id='word_1_238' title='bbox 237 3579 333 3643; x_wconf 62' lang='lat' dir='ltr'>paradeo</span> <span class='ocrx_word' id='word_1_239' title='bbox 346 3596 439 3644; x_wconf 67' lang='lat' dir='ltr'>magna</span> <span class='ocrx_word' id='word_1_240' title='bbox 445 3575 524 3641; x_wconf 80' lang='lat' dir='ltr'>seres.</span> <span class='ocrx_word' id='word_1_241' title='bbox 746 3579 801 3630; x_wconf 81' lang='lat'>531.</span> <span class='ocrx_word' id='word_1_242' title='bbox 818 3578 943 3646; x_wconf 74' lang='lat' dir='ltr'>Referunt</span> <span class='ocrx_word' id='word_1_243' title='bbox 960 3583 1006 3629; x_wconf 77' lang='lat' dir='ltr'>trra</span> <span class='ocrx_word' id='word_1_244' title='bbox 1022 3579 1132 3628; x_wconf 82' lang='lat' dir='ltr'>carbasa</span> <span class='ocrx_word' id='word_1_245' title='bbox 1146 3580 1224 3627; x_wconf 76' lang='lat' dir='ltr'>venti.</span> 
     </span>
     <span class='ocr_line' id='line_1_32' title="bbox 191 3651 1224 3724; baseline -0.002 -18"><span class='ocrx_word' id='word_1_246' title='bbox 191 3656 248 3707; x_wconf 77' lang='lat'>528.</span> <span class='ocrx_word' id='word_1_247' title='bbox 273 3654 408 3707; x_wconf 71' lang='lat' dir='ltr'>dutitiam</span> <span class='ocrx_word' id='word_1_248' title='bbox 425 3656 511 3705; x_wconf 78' lang='lat' dir='ltr'>multis</span> <span class='ocrx_word' id='word_1_249' title='bbox 529 3671 621 3706; x_wconf 83' lang='lat' dir='ltr'>succus</span> <span class='ocrx_word' id='word_1_250' title='bbox 639 3660 666 3706; x_wconf 75' lang='lat' dir='ltr'>a!</span> <span class='ocrx_word' id='word_1_251' title='bbox 712 3656 834 3724; x_wconf 74' lang='lat' dir='ltr'>Referent</span> <span class='ocrx_word' id='word_1_252' title='bbox 849 3656 907 3709; x_wconf 88' lang='lat' dir='ltr'>libri</span> <span class='ocrx_word' id='word_1_253' title='bbox 919 3653 1041 3708; x_wconf 85' lang='lat' dir='ltr'>meliores</span> <span class='ocrx_word' id='word_1_254' title='bbox 1059 3671 1121 3707; x_wconf 87' lang='lat' dir='ltr'>eum</span> <span class='ocrx_word' id='word_1_255' title='bbox 1137 3651 1224 3722; x_wconf 78' lang='lat' dir='ltr'>prima</span> 
     </span>
     <span class='ocr_line' id='line_1_33' title="bbox 152 3729 1226 3800; baseline -0.002 -17"><span class='ocrx_word' id='word_1_256' title='bbox 152 3734 231 3784; x_wconf 80' lang='lat' dir='ltr'>herba</span> <span class='ocrx_word' id='word_1_257' title='bbox 233 3733 299 3800; x_wconf 79' lang='lat' dir='ltr'>suit.</span> <span class='ocrx_word' id='word_1_258' title='bbox 307 3732 378 3786; x_wconf 83' lang='lat' dir='ltr'>Male</span> <span class='ocrx_word' id='word_1_259' title='bbox 388 3731 496 3800; x_wconf 86' lang='lat' dir='ltr'>quidam</span> <span class='ocrx_word' id='word_1_260' title='bbox 503 3730 615 3799; x_wconf 79' lang='lat' dir='ltr'>codices,</span> <span class='ocrx_word' id='word_1_261' title='bbox 623 3738 665 3784; x_wconf 76' lang='lat' dir='ltr'>tu·</span> <span class='ocrx_word' id='word_1_262' title='bbox 712 3733 829 3788; x_wconf 87' lang='lat' dir='ltr'>editione</span> <span class='ocrx_word' id='word_1_263' title='bbox 841 3732 1028 3788; x_wconf 80' lang='lat' dir='ltr'>:scribendum</span> <span class='ocrx_word' id='word_1_264' title='bbox 1041 3742 1098 3797; x_wconf 85' lang='lat' dir='ltr'>est,</span> <span class='ocrx_word' id='word_1_265' title='bbox 1115 3729 1226 3797; x_wconf 74' lang='lat' dir='ltr'>referant</span> 
     </span>
     <span class='ocr_line' id='line_1_34' title="bbox 152 3808 1224 3882; baseline 0 -21"><span class='ocrx_word' id='word_1_266' title='bbox 152 3813 195 3873; x_wconf 73' lang='lat' dir='ltr'>lit,</span> <span class='ocrx_word' id='word_1_267' title='bbox 210 3810 334 3864; x_wconf 78' lang='lat' dir='ltr'>veldedit.</span> <span class='ocrx_word' id='word_1_268' title='bbox 353 3810 461 3862; x_wconf 72' lang='lat' dir='ltr'>Auxilio</span> <span class='ocrx_word' id='word_1_269' title='bbox 467 3811 585 3879; x_wconf 70' lang='lat' dir='ltr'>sednon</span> <span class='ocrx_word' id='word_1_270' title='bbox 595 3809 664 3863; x_wconf 82' lang='lat' dir='ltr'>male</span> <span class='ocrx_word' id='word_1_271' title='bbox 712 3817 855 3865; x_wconf 74' lang='lat' dir='ltr'>se&#39;rrernarn</span> <span class='ocrx_word' id='word_1_272' title='bbox 864 3818 909 3864; x_wconf 84' lang='lat' dir='ltr'>tua</span> <span class='ocrx_word' id='word_1_273' title='bbox 920 3811 998 3882; x_wconf 88' lang='lat' dir='ltr'>paulo</span> <span class='ocrx_word' id='word_1_274' title='bbox 1007 3821 1068 3864; x_wconf 85' lang='lat' dir='ltr'>aute</span> <span class='ocrx_word' id='word_1_275' title='bbox 1080 3808 1224 3879; x_wconf 72' lang='lat' dir='ltr'>precessit:</span> 
     </span>
     <span class='ocr_line' id='line_1_35' title="bbox 153 3889 1221 3956; baseline -0.003 -15"><span class='ocrx_word' id='word_1_276' title='bbox 153 3889 208 3942; x_wconf 90' lang='lat' dir='ltr'>duo</span> <span class='ocrx_word' id='word_1_277' title='bbox 219 3889 329 3944; x_wconf 84' lang='lat' dir='ltr'>codices.</span> <span class='ocrx_word' id='word_1_278' title='bbox 340 3889 384 3942; x_wconf 88' lang='lat' dir='ltr'>Sic</span> <span class='ocrx_word' id='word_1_279' title='bbox 396 3890 463 3943; x_wconf 77' lang='lat' dir='ltr'>inira</span> <span class='ocrx_word' id='word_1_280' title='bbox 476 3910 500 3943; x_wconf 84' lang='lat' dir='ltr'>r.</span> <span class='ocrx_word' id='word_1_281' title='bbox 509 3890 666 3943; x_wconf 74' lang='lat' dir='ltr'>5822Auxe&#39;-</span> <span class='ocrx_word' id='word_1_282' title='bbox 713 3891 764 3944; x_wconf 81' lang='lat' dir='ltr'>nisi</span> <span class='ocrx_word' id='word_1_283' title='bbox 780 3890 878 3956; x_wconf 82' lang='lat' dir='ltr'>mavis,</span> <span class='ocrx_word' id='word_1_284' title='bbox 895 3909 944 3942; x_wconf 84' lang='lat' dir='ltr'>sua</span> <span class='ocrx_word' id='word_1_285' title='bbox 959 3893 1087 3955; x_wconf 83' lang='lat' dir='ltr'>carbasa,·</span> <span class='ocrx_word' id='word_1_286' title='bbox 1100 3898 1127 3941; x_wconf 87' lang='lat' dir='ltr'>et</span> <span class='ocrx_word' id='word_1_287' title='bbox 1143 3905 1221 3953; x_wconf 79' lang='lat' dir='ltr'>mox,</span> 
     </span>
     <span class='ocr_line' id='line_1_36' title="bbox 154 3967 1224 4038; baseline 0.001 -19"><span class='ocrx_word' id='word_1_288' title='bbox 154 3973 189 4022; x_wconf 77' lang='lat' dir='ltr'>lio</span> <span class='ocrx_word' id='word_1_289' title='bbox 204 3974 276 4023; x_wconf 78' lang='lat' dir='ltr'>turba</span> <span class='ocrx_word' id='word_1_290' title='bbox 285 3969 378 4037; x_wconf 78' lang='lat' dir='ltr'>sutura</span> <span class='ocrx_word' id='word_1_291' title='bbox 391 3974 503 4022; x_wconf 79' lang='lat' dir='ltr'>libiest:</span> <span class='ocrx_word' id='word_1_292' title='bbox 515 3979 544 4021; x_wconf 88' lang='lat' dir='ltr'>ut</span> <span class='ocrx_word' id='word_1_293' title='bbox 556 3967 666 4036; x_wconf 85' lang='lat' dir='ltr'>quidem</span> <span class='ocrx_word' id='word_1_294' title='bbox 716 3971 819 4036; x_wconf 80' lang='lat' dir='ltr'>Quoque</span> <span class='ocrx_word' id='word_1_295' title='bbox 834 3975 943 4031; x_wconf 78' lang='lat' dir='ltr'>vocant,</span> <span class='ocrx_word' id='word_1_296' title='bbox 963 3987 1011 4038; x_wconf 88' lang='lat' dir='ltr'>pro</span> <span class='ocrx_word' id='word_1_297' title='bbox 1028 3971 1144 4036; x_wconf 74' lang='lat' dir='ltr'>Quaque,</span> <span class='ocrx_word' id='word_1_298' title='bbox 1162 3967 1224 4020; x_wconf 83' lang='lat' dir='ltr'>Pu-</span> 
     </span>
    </p>
   </div>
   <div class='ocr_carea' id='block_1_6' title="bbox 155 4046 1225 4194">
    <p class='ocr_par' dir='ltr' id='par_1_8' title="bbox 155 4046 1225 4194">
     <span class='ocr_line' id='line_1_37' title="bbox 155 4046 944 4117; baseline 0 -19"><span class='ocrx_word' id='word_1_299' title='bbox 155 4046 307 4117; x_wconf 82' lang='lat' dir='ltr'>legendum.</span> <span class='ocrx_word' id='word_1_300' title='bbox 319 4047 392 4101; x_wconf 85' lang='lat' dir='ltr'>Nihil</span> <span class='ocrx_word' id='word_1_301' title='bbox 404 4058 495 4101; x_wconf 89' lang='lat' dir='ltr'>tamen</span> <span class='ocrx_word' id='word_1_302' title='bbox 502 4047 545 4101; x_wconf 89' lang='lat' dir='ltr'>bic</span> <span class='ocrx_word' id='word_1_303' title='bbox 553 4057 665 4101; x_wconf 86' lang='lat' dir='ltr'>mutem.</span> <span class='ocrx_word' id='word_1_304' title='bbox 715 4057 831 4100; x_wconf 81' lang='lat' dir='ltr'>teaneus.</span> <span class='ocrx_word' id='word_1_305' title='bbox 844 4047 944 4101; x_wconf 74' lang='lat' dir='ltr'>Hsnts.</span> 
     </span>
     <span class='ocr_line' id='line_1_38' title="bbox 157 4124 1225 4194; baseline -0.003 -18"><span class='ocrx_word' id='word_1_306' title='bbox 157 4124 258 4180; x_wconf 75' lang='lat' dir='ltr'>Heras.</span> <span class='ocrx_word' id='word_1_307' title='bbox 274 4126 360 4180; x_wconf 81' lang='lat' dir='ltr'>—lta</span> <span class='ocrx_word' id='word_1_308' title='bbox 375 4125 443 4179; x_wconf 78' lang='lat' dir='ltr'>vett</span> <span class='ocrx_word' id='word_1_309' title='bbox 456 4126 500 4194; x_wconf 90' lang='lat'>11,</span> <span class='ocrx_word' id='word_1_310' title='bbox 521 4144 568 4179; x_wconf 85' lang='lat' dir='ltr'>no</span> <span class='ocrx_word' id='word_1_311' title='bbox 580 4144 587 4178; x_wconf 77' lang='lat' dir='ltr'>z</span> <span class='ocrx_word' id='word_1_312' title='bbox 599 4129 667 4179; x_wconf 80' lang='lat' dir='ltr'>Pars</span> <span class='ocrx_word' id='word_1_313' title='bbox 748 4125 1225 4192; x_wconf 70' lang='lat' dir='ltr'>sttAnedu.1n,sarrav.etfranc.</span> 
     </span>
    </p>
   </div>
   <div class='ocr_carea' id='block_1_7' title="bbox 0 0 1425 4702">
    <p class='ocr_par' dir='ltr' id='par_1_9' title="bbox 0 0 1425 4702">
     <span class='ocr_line' id='line_1_39' title="bbox 0 0 1425 4702; baseline 0 0"><span class='ocrx_word' id='word_1_314' title='bbox 0 0 1425 4702; x_wconf 95' lang='lat' dir='ltr'> </span> 
     </span>
    </p>
   </div>
  </div>
 </body>
</html>
