2798 4702
346 368 505 439 ARTIS
529 370 815 437 AMATORIAE
841 371 940 438 LIB.
966 376 1020 441 ΙΙ.
1145 377 1209 445 325

196 509 266 582 Nec
283 535 360 582 cava
374 509 501 583 vesanis
517 508 640 582 ictibus
657 536 721 582 aera
737 527 876 583 sonant:
1162 535 1213 589 610

149 624 302 698 Attamen
317 624 481 699 internos
497 623 606 698 medio
622 642 796 699 versantur
809 625 845 697 in
861 653 944 714 usu,

198 738 262 812 Sed
280 740 344 827 sie,
363 740 451 814 inter
467 767 529 813 nos
545 757 585 813 ut
601 738 735 814 latuisse
752 738 864 815 velint

147 855 224 953 Ipsa
243 856 355 929 Venus
369 854 509 956 pubem,
527 854 657 954 quoties
675 854 835 930 velamina
853 855 970 956 ponit,

195 968 387 1065 Protegitur
402 968 479 1043 laeva
497 968 714 1044 semireducta
729 999 838 1045 manu.

147 1085 189 1157 ln
205 1085 315 1159 me'dio
331 1086 521 1187 passimque
537 1091 607 1159 co'r't
621 1114 744 1187 pecus;
758 1085 824 1159 boc
841 1113 978 1186 quoque
992 1086 1089 1175 viso,
1161 1109 1212 1163 ⁶15

195 1202 327 1274 Avertit
340 1200 452 1276 vultus
462 1230 555 1305 'saepe
570 1200 683 1303 puella
697 1230 787 1277 suos.

149 1318 360 1392 Conveniunt
376 1316 510 1394 thalami
524 1317 624 1392 furtis
642 1334 675 1391 et
689 1318 789 1416 janua
805 1318 948 1392 nostris:

196 1432 343 1534 Parsque
363 1432 426 1506 suh
445 1433 565 1533 injecta
579 1450 669 1507 veste
685 1431 841 1534 pudenda
857 1433 946 1508 latet

148 1551 194 1623 Et
209 1550 237 1623 si
253 1577 322 1623 non
340 1549 505 1639 tenebras,
520 1568 556 1624 at
572 1548 730 1650 quiddam
746 1550 848 1624 nubis
861 1577 972 1651 opacae

197 1665 402 1762 Quaerimus;
419 1682 517 1767 atque
533 1664 658 1766 aliquid
673 1664 747 1741 luce
761 1682 895 1767 patente
912 1665 1032 1741 minus.
1122 1734 1127 1741 .
1160 1690 1212 1740 620

149 1780 245 1852 Tunc
256 1807 404 1880 quoque,
413 1808 517 1882 quum
527 1779 630 1854 solem
641 1780 791 1855 nondum
799 1781 1003 1882 prohibebat
1014 1800 1049 1855 et
1058 1781 1196 1856 imbrem

196 1895 341 2002 Tegula,
359 1897 417 1973 sed
435 1925 576 1999 quereus
593 1915 679 1973 tecta
696 1898 874 1999 cibumque
890 1898 1008 1986 dabat;

149 2021 189 2092 ln
203 2048 336 2095 nemore
351 2039 449 2122 atque
465 2021 590 2109 antris,
607 2049 675 2095 non
693 2020 756 2094 sub
772 2023 870 2107 Jove,
884 2021 997 2119 juncta
1010 2021 1171 2123 voluptas.

196 2143 301 2216 Tanta
315 2140 391 2215 rudi
407 2142 536 2243 populo
555 2170 633 2217 cura
648 2140 787 2243 pudoris
805 2143 893 2215 erat!

147 2264 194 2336 At
208 2293 298 2339 nunc
313 2265 485 2338 nocturnis
503 2263 620 2339 titulos
637 2262 840 2363 imponimus
857 2263 956 2337 actis:
1160 2286 1211 2338 625

193 2390 307 2489 Atque
322 2388 442 2461 emitur
457 2417 578 2485 magno
594 2388 659 2478 nil,
675 2388 742 2463 uisi
756 2416 855 2490 posse
871 2387 973 2490 loqui.

148 2507 279 2582 Scilicet
295 2508 441 2582 excuties
456 2536 569 2584 omnes
583 2510 786 2613 ubicumque
801 2509 944 2612 puellas,

147 2721 473 2794 ubiinquit,Etnys!1'ca
484 2741 583 2776 mm
593 2725 656 2778 Ico-
736 2728 794 2781 613.
810 2729 871 2795 Ipsa
881 2729 965 2779 rem
971 2728 1061 2792 pubem
1070 2735 1118 2780 ete.
1131 2726 1209 2796 Quia,

147 2803 197 2854 cbv'.
213 2802 279 2856 Hac
295 2802 368 2856 enim
386 2801 535 2873 purgationi
549 2802 656 2872 signifi-
703 2804 785 2859 semel
795 2804 877 2859 modo
889 2802 1000 2870 viderit,
1012 2821 1068 2857 non
1080 2803 1165 2859 adhue
1175 2805 1211 2859 vi·

147 2878 238 2933 cande
250 2878 438 2947 adhibebatur,
452 2890 483 2933 ut
493 2878 588 2935 eodem
597 2879 655 2935 looo
703 2883 766 2937 dere
775 2903 803 2937 se
815 2882 944 2937 existimet
955 2881 1076 2936 eximiam
1083 2884 1211 2949 pudibun-

148 2956 264 3026 pluribus
275 2958 383 3028 explicat
392 2959 506 3013 Servius
702 2966 742 3015 le
751 2959 1211 3033 Vennaimaginemflenuslegem,

180 3036 237 3089 bru.
256 3037 377 3090 Attamen
390 3040 511 3092 internos
522 3047 571 3092 etc.
589 3038 655 3093 Seu·
703 3042 749 3110 qui
756 3040 843 3095 Deam
851 3038 1209 3110 ipsam,eoquoprnbuitar·

146 3134 190 3169 sus
207 3117 294 3170 estzsi
307 3117 419 3170 Veneris
437 3136 508 3171 saera
520 3135 577 3171 non
591 3127 655 3171 sunt
702 3121 765 3173 tifex
785 3119 901 3188 eorporis
919 3119 991 3184 situ,
1011 3116 1122 3170 mirifice
1144 3114 1209 3173 adeo

147 3205 203 3248 tam
214 3194 325 3262 occulta,
333 3205 379 3248 aut
390 3206 462 3250 tanta
473 3195 613 3267 mysteria,
623 3203 654 3248 ut
701 3194 872 3264 exprimunt?

151 3271 256 3327 Cereris
269 3283 295 3326 et
307 3272 417 3326 aliorum
429 3273 588 3338 numinum,
597 3289 654 3325 uon
734 3270 792 3323 616.
799 3273 905 3324 Avertit.
916 3270 1017 3323 Aeerls's
1025 3269 1122 3339 Regius
1130 3287 1211 3323 unus:

148 3348 654 3422 etiamitaapertadebentessemtcy-
701 3345 748 3401 sed
760 3357 823 3401 tunc
833 3354 891 3401 tuos
899 3345 1048 3416 legendum
1198 3388 1201 3393 .

147 3431 232 3500 heles,
245 3432 290 3485 ubi
305 3451 402 3486 vesano
414 3431 530 3486 tumultu
541 3441 568 3485 et
578 3450 655 3504 cyrn-
735 3426 793 3498 619
809 3427 898 3480 Nubis.
917 3426 1007 3478 Noctis
1024 3424 1080 3478 duo
1093 3423 1170 3491 libri,
1184 3433 1212 3478 et

147 3508 210 3563 balio
226 3528 268 3563 res
284 3509 384 3578 agitur;
396 3508 443 3563 sed
454 3508 553 3562 habent
562 3505 654 3577 quod-
702 3515 847 3576 prnterea,
860 3510 935 3573 atque
948 3507 1024 3558 alind
1033 3507 1089 3559 Ince
1103 3502 1211 3558 Varie·-

149 3585 211 3639 dam
221 3586 356 3653 medium,
368 3596 396 3639 et
406 3586 443 3649 ita
453 3584 583 3639 internos
592 3603 655 3638 ver·
702 3604 767 3652 nus,
779 3602 841 3639 eum
850 3583 936 3653 prima
948 3581 1073 3636 editione.

147 3675 239 3718 santur
250 3664 327 3717 obvio
338 3682 402 3731 usu,
415 3656 443 3721 lt
457 3662 579 3716 omnibus
590 3661 654 3714 vul·
734 3664 792 3718 622.
809 3666 904 3717 Dabat.
917 3666 1025 3716 Dabunt
1033 3659 1210 3716 Patavinuset

148 3751 224 3813 gato,
233 3751 263 3794 ut
270 3752 360 3795 tamen
372 3741 454 3796 velint
465 3742 600 3806 intereos,
608 3739 654 3809 qui
703 3740 935 3794 Francoturtensis.

147 3821 225 3875 sacris
235 3818 278 3875 his
288 3828 450 3889 operantur,
463 3819 544 3873 latere
554 3857 562 3886 ,
572 3827 599 3871 et
610 3836 654 3871 se-
733 3819 791 3888 627.
808 3820 1043 3872 &attestantia
1059 3816 1143 3871 Hune
1152 3835 1208 3870 ver·

147 3908 251 3953 eretum
258 3898 309 3952 hoc
320 3898 444 3953 horribile
454 3899 548 3968 perire.
561 3897 594 3951 lu
603 3897 654 3952 hoe
701 3915 761 3953 sum
768 3906 795 3950 et
802 3907 942 3965 sequentes
951 3907 1004 3951 tres
1013 3896 1208 3967 interrogative,

149 3998 225 4032 versu
252 3977 334 4031 modo
360 3975 577 4048 subintelligenda
604 3993 653 4028 vox
701 3987 780 4045 atque
798 3981 918 4051 ιῖρωναῦς
938 3975 1014 4046 lego,
1027 3973 1209 4045 {exprobrandi

147 4062 233 4118 esaum,
247 4057 288 4111 vel
299 4063 391 4110 tamen.
402 4058 498 4111 letales
507 4060 656 4108 erasum!
701 4054 754 4108 sive
772 4052 924 4123 increpandi
936 4052 1027 4124 ligura.
1046 4052 1208 4122 Quasi-mo·

149 4144 204 4190 erat
216 4136 243 4190 in
256 4135 356 4192 Moreti
367 4145 395 4191 et
405 4133 522 4205 quinque
533 4130 596 4188 eliis.
605 4130 637 4186 B.
701 4141 764 4187 nem
774 4141 852 4202 poeta
863 4131 974 4188 minime
986 4130 1037 4191 bot
1046 4124 1104 4189 we
1113 4128 1210 4186 setim·
