2798 4702
390 331 623 399 AMORUM
648 335 678 400 1.
706 333 857 402 ELEG.
889 329 1007 405 v1'11.

214 469 279 546 Sed
298 498 391 556 eave,
409 499 451 544 ne
470 471 572 566 gratis
588 471 643 545 hic
662 472 725 545 tibi
742 490 872 547 constet
888 477 997 549 amor!

167 589 258 688 Saepe
275 615 361 681 nega
376 604 491 661 noctes
507 616 514 659 :
532 588 651 688 capitis
668 587 769 661 modo
786 586 873 684 linge
891 589 1061 665 dolorem:

215 708 259 777 Et
276 704 377 777 modo
398 732 470 804 quae
488 731 602 777 causas
618 705 784 804 praebeat,
803 705 866 779 lsis
884 706 955 780 erit.

167 821 249 895 Mox
266 821 392 921 recipe;
409 838 450 893 ut
464 819 595 894 nullum
611 820 759 921 patiendi
780 820 915 918 colligat
929 852 1042 912 usum,

213 939 303 1010 Neve
321 935 515 1010 relentescat
531 964 616 1037 sape
633 936 786 1037 repulsus
805 965 909 1012 amor.

167 1051 273 1126 Surda
291 1051 335 1124 sit
351 1054 459 1125 oranti
478 1054 664 1151 maianus,
683 1051 755 1127 laxa
771 1052 910 1126 serenti.¹

214 1167 341 1240 Audiat
358 1165 480 1241 exclusi
496 1168 597 1242 verba
614 1187 768 1269 receptus
786 1197 909 1244 amans.

160 1284 225 1370 Et,
246 1282 340 1382 quasi
360 1281 436 1355 laesa
452 1283 561 1383 prior,
581 1312 823 1386 nonnunquam
841 1284 979 1360 irascere
996 1282 1097 1359 laeso:

215 1400 381 1471 Vanescat
396 1397 494 1500 culpa
509 1398 608 1499 eulpa
624 1427 763 1500 repensa
779 1416 846 1473 tua.

168 1513 233 1586 Sed
246 1541 430 1613 numquam
447 1514 577 1588 dederis
592 1516 777 1616 spatiosum
795 1533 926 1617 tempus
940 1514 977 1587 in
995 1515 1095 1604 iram;

215 1632 309 1730 Saepe
325 1629 508 1706 simultates
524 1633 572 1705 ira
589 1650 717 1707 morata
735 1633 823 1707 saeit.

169 1745 262 1841 Quin
279 1745 376 1818 etiarn
393 1745 521 1820 discant
538 1747 627 1822 oculi
645 1748 814 1822 lacrimare
831 1748 953 1836 coacti,

216 1861 261 1932 Et
275 1859 395 1932 saciant
412 1861 494 1934 udas
511 1861 568 1935 illa
584 1862 636 1937 vel
653 1862 711 1936 illa
728 1891 844 1958 genas3

169 1968 252 2063 Nec,
271 1976 300 2048 si
317 2005 416 2076 quern
431 1976 541 2067 falles,
561 1997 598 2053 tu
616 1980 783 2081 perjurare
802 1979 934 2053 timeto:

217 2092 417 2166 Commodat
434 2093 542 2169 illusis
558 2097 695 2170 numina
713 2095 813 2170 surda
832 2098 956 2169 Venus.

168 2206 304 2296 Servus,
324 2226 358 2282 et
374 2208 415 2283 ad
434 2229 545 2311 partes
563 2211 667 2286 solers
684 2212 802 2288 aneilla
819 2231 996 2313 parentum

199 2407 237 2439 aa.
250 2388 360 2439 Etcare.
369 2387 423 2439 Sed
427 2405 501 2447 care,
511 2396 581 2440 recte
591 2387 677 2457 prima
725 2385 840 2440 multum
853 2405 908 2438 esse
925 2385 1059 2438 Nasonem
1071 2383 1099 2434 iu
1117 2401 1147 2436 ea
1159 2382 1238 2442 locu·

166 2462 254 2517 editio.
262 2464 463 2534 Neapolitanus,
472 2464 596 2534 sedsage:
605 2465 677 2536 quod
726 2465 798 2518 tione
806 2465 859 2532 jam
869 2463 927 2516 alibi
938 2461 1090 2512 monuimus
1102 2477 1108 2510 ε
1121 2459 1170 2512 uisi
1183 2463 1239 2512 cal-

167 2542 221 2608 jam
234 2553 408 2611 precesserat.
418 2543 520 2596 Herus.

722 2562 759 2610 pa
766 2560 839 2600 aera,
849 2558 911 2593 cum
921 2537 1079 2592 Sarraviano
1087 2536 1169 2590 malis.
1182 2535 1239 2590 Co-

200 2622 239 2689 74
252 2624 290 2673 E!
299 2623 434 2688 modoque
446 2638 539 2672 causas
546 2622 675 2689 prebeat,
726 2620 776 2672 dex
794 2617 899 2684 Jureti,
919 2633 1050 2682 repressa,·
1069 2613 1114 2668 sed
1134 2634 1240 2683 repensa

167 2700 219 2749 Isr's
229 2703 287 2749 ere't.
298 2698 420 2766 Propert.
433 2716 537 2767 quoque
548 2737 555 2764 ‚
569 2697 616 2764 34:

193 2780 233 2818 Fse
243 2779 318 2816 similes
328 2791 387 2828 puros
397 2779 454 2816 luidis
462 2780 500 2818 isse
507 2780 556 2818 dies.

172 2852 206 2903 ln
224 2850 273 2903 illis
289 2851 361 2903 enlm
379 2853 480 2914 rie'ebas,
502 2854 548 2922 qui
566 2872 680 2907 numero

172 2929 681 2998 decem‚seeubabantseminae‚etmari-

171 3018 262 3060 torum
283 3008 470 3062 consuetudine
494 3010 679 3076 abstinebant;

172 3085 243 3139 unde
257 3087 375 3155 Propert.
388 3103 429 3153 11,
443 3087 517 3158 Eleg.
530 3105 615 3155 mv,
631 3110 642 3142 1
657 3103 665 3139 ε

172 3171 248 3209 'tristia
258 3171 297 3219 jun
305 3170 386 3209 rederent
394 3171 465 3208 iterun
476 3172 570 3210 wleuruis
577 3172 634 3211 notis
641 3180 680 3211 ete.

204 3264 243 3315 79.
255 3245 413 3310 lesaprr'as.
423 3247 499 3297 Prior
506 3244 634 3299 meliores.
644 3245 681 3298 H.

171 3321 276 3383 Recte;
300 3321 336 3374 ita
357 3321 426 3392 apud
443 3322 553 3375 Terent.
576 3322 682 3393 Prolog.

171 3397 293 3452 Eunuch.
320 3401 386 3465 (Jur'a
406 3403 477 3452 Iasi!
489 3406 584 3467 prim:
604 3400 681 3453 utin

170 3477 302 3530 Bembiuo
313 3488 340 3531 et
350 3479 479 3531 Vaticano
491 3480 590 3550 reperit
599 3479 682 3533 Faer-

171 3575 227 3609 nus.
241 3556 333 3610 Posset
344 3567 370 3609 et
383 3557 448 3627 legi,
461 3569 561 3613 mutata
573 3559 682 3613 distine-

171 3638 258 3703 tione,
271 3638 359 3691 forsan
371 3637 505 3692 subtiliore
517 3658 596 3692 sensu
608 3659 615 3694 :

172 3729 211 3775 Et,
227 3729 283 3780 qussi
302 3729 359 3777 less,
374 3730 429 3779 prior
441 3743 580 3783 nonnunquam
600 3730 682 3770 insuere

226 3800 278 3838 tuso.
508 3802 583 3840 Bolis.

204 3874 244 3926 80.
262 3878 392 3929 Vanescat
402 3879 559 3944 culpracalpa
567 3879 680 3944 repulsa,

174 3951 323 4007 Puteaneus
337 3965 364 4007 et
375 3953 570 4008 Arsrndelianus
583 3968 590 4002 2

195 4035 290 4075 veneunt
299 4034 358 4089 culpe
365 4037 424 4088 eulpa
434 4050 514 4089 repensa
524 4046 566 4075 tue.

174 4105 272 4176 Recte,
295 4109 346 4162 uisi
362 4109 433 4177 quod
451 4128 499 4164 rna
517 4107 680 4180 legendum:

725 2699 794 2752 bene
807 2697 893 2750 trahet
907 2695 979 2749 Artis
993 2695 1080 2749 Amat.
1093 2710 1134 2762 11,
1148 2694 1195 2767 677
1209 2715 1216 2750 ι

728 2781 771 2819 ΙΙΙο
778 2777 881 2818 munditiis
892 2790 987 2817 annosum
995 2777 1065 2817 damus
1073 2777 1189 2829 rependunt.
1197 2776 1228 2818 H.

763 2855 802 2906 da.
819 2852 924 2907 Morala
929 2854 1008 2923 lacet.
1021 2855 1105 2905 neat
1116 2851 1241 2923 Neapoli·

730 2941 798 2999 tan,
811 2931 882 2986 idem
891 2951 967 2998 mox,
977 2935 1110 2985 lacrr'rnare
1116 2933 1240 2983 decenter.

762 3012 802 3064 85.
812 3011 1010 3080 Se'qaemsallas.
1018 3013 1104 3064 Falles
1110 3008 1241 3061 meliores:

730 3096 757 3139 et
772 3106 821 3156 pro
836 3093 864 3140 ta
872 3088 1016 3158 peq'rerare,
1027 3087 1113 3153 sorte,
1125 3088 1191 3137 haic.
1204 3084 1242 3137 ll.

729 3167 862 3234 Peq'urare
870 3167 976 3236 antique
985 3177 1011 3220 et
1019 3164 1240 3230 Plautiuomodo,

730 3263 778 3313 pro
784 3245 900 3313 pejerare
909 3245 1019 3311 dictum,
1028 3245 1129 3298 notavit
1141 3243 1242 3297 Dones.

729 3350 763 3364 -
771 3327 862 3377 Nera..
871 3331 898 3377 ta
902 3325 1032 3393 perjurare
1041 3329 1137 3377 tr'rneta.
1147 3324 1243 3377 Acrius

730 3401 810 3454 etiam
823 3402 943 3472 Propert.
956 3403 998 3456 tib.
1012 3420 1052 3468 tv,
1066 3399 1139 3472 Eleg.
1152 3404 1178 3468 5,
1190 3419 1242 3470 27:

729 3485 969 3537 Spernefidenr,prorolve
975 3488 1035 3533 Deos,
1044 3483 1144 3523 urendee'rs
1154 3483 1240 3521 vincent.

762 3556 1241 3626 86.Commodatrllasr's.1nlasnsqiri·

730 3637 799 3691 dam.
812 3638 999 3709 Neapolitanus
1009 3675 1016 3702 ,
1028 3641 1056 3688 ia
1065 3637 1147 3687 Iudas.
1165 3637 1242 3689 Carn-

730 3719 826 3776 modat,
841 3735 890 3786 pro
902 3714 1082 3768 accommodat.
1096 3710 1197 3767 Hune.

762 3795 802 3862 87.
814 3795 902 3848 Servus
922 3797 949 3845 et
957 3793 1087 3858 adportes
1101 3793 1181 3844 solers
1192 3810 1242 3843 an-

729 3875 792 3925 cs'lla
798 3878 925 3939 parentur.
947 3872 1088 3937 adportes
1099 3872 1195 3932 solers,
1212 3864 1240 3922 id

730 3960 790 4015 est,
819 3948 864 4017 qui
891 3958 949 4018 apte
969 3953 1059 4016 paries
1079 3968 1137 4001 suas
1161 3956 1239 4017 agat,

730 4038 760 4080 ut
778 4026 869 4079 histrio
881 4026 928 4079 sibi
941 4025 968 4079 iu
981 4045 1058 4080 scena
1071 4026 1143 4080 datas
1154 4034 1240 4094 partes

730 4105 807 4162 docte
825 4115 853 4161 et
869 4104 978 4160 solerter
990 4104 1042 4174 agit
1051 4125 1059 4175 5
1083 4113 1111 4157 et
1126 4103 1177 4156 hoc
1193 4120 1240 4155 se-
