2798 4702
196 373 258 439 106
390 431 392 434 ,
471 376 511 439 r.
540 340 978 447 0v1o111sisonrs

197 580 1258 620 m&

549 746 784 831 ELEGIA
815 748 893 832 IX.

206 1144 244 1182 ΔΙ)
261 1143 419 1183 currnmtt
432 1149 439 1183 :
452 1145 607 1185 HORTATUR
627 1149 665 1186 UT
682 1148 716 1186 IN
731 1147 810 1189 Δῑ108
827 1148 941 1201 quoqu!
958 1148 1012 1188 ΕΒΔ
1029 1147 1101 1188 '11ss
1118 1149 1247 1191 nurtdtr.

196 1305 241 1409 0
264 1354 481 1422 NUNQUAM
497 1365 560 1437 pro
576 1366 628 1412 me
647 1338 727 1412 satis
744 1338 917 1435 indignate
934 1339 1085 1440 Cupido,

241 1452 274 1523 0
291 1452 327 1523 iu
345 1451 445 1525 corde
462 1480 537 1525 meo
556 1452 720 1526 desidiose
737 1458 837 1554 puer!
858 1545 860 1555 Ι

194 1564 287 1663 Quid
305 1594 373 1651 me,
393 1567 451 1665 qui
469 1566 563 1640 miles
583 1596 755 1667 nunquam
773 1586 829 1641 tua
846 1569 941 1664 sigua
958 1569 1093 1670 reliqui,

241 1679 370 1752 Laudis?
388 1681 472 1753 etin
490 1682 607 1754 castris
621 1679 778 1754 vulneror
796 1683 866 1781 ipse
884 1683 992 1756 meis?

196 1794 265 1868 Cur
282 1810 339 1867 tua
354 1793 408 1868 sax
424 1795 507 1883 urit,
527 1794 601 1891 figit
618 1814 696 1869 tuus
714 1825 809 1870 arcus
827 1798 975 1871 amicos?

245 1911 360 1985 Gloria
376 1930 565 2013 pugnantes
580 1912 709 1987 vincere
724 1914 831 2012 major
848 1929 926 1987 erat.

195 2027 311 2125 Quid?
327 2056 396 2100 uon
414 2027 623 2116 Haemonius,
643 2056 741 2129 quem
759 2029 895 2129 cuspide
912 2024 1070 2129 perculit,
1087 2025 1187 2099 heros

243 2142 449 2218 Confossum
464 2142 590 2218 medica
607 2143 788 2244 postmodo
804 2145 890 2243 juvit
908 2144 998 2244 ope?

228 2351 290 2419 ι.ηο
299 2368 424 2419 uunquam
430 2368 478 2416 pro
490 2354 602 2401 mesatis
614 2357 663 2401 eto
675 2348 705 2402 si
754 2348 821 2402 dole.
839 2350 909 2417 Qun
921 2354 1070 2417 sequuntur
1081 2345 1136 2397 sose
1148 2342 1208 2396 satis
1220 2361 1265 2396 ex-

194 2429 320 2485 attentius
332 2429 409 2498 paulo
417 2446 469 2497 quo
477 2438 532 2481 tota
540 2427 704 2497 spectatttte-
755 2427 860 2496 plicant.
1269 2484 1273 2493 ι

194 2509 236 2580 gia
247 2508 418 2562 Burmannus
434 2516 461 2560 et
478 2505 520 2558 alii
539 2504 706 2559 consideras-
788 2508 961 2573 41pseuuerlo
973 2502 1006 2555 ln
1022 2498 1194 2570 quibusdam,
1207 2504 1265 2551 tuis.

194 2597 269 2652 sent,
288 2605 344 2639 non
357 2586 389 2638 ab
401 2585 457 2655 ipso
468 2583 560 2637 limine
574 2585 707 2639 trusissent
755 2583 883 2637 Heinsius
893 2580 994 2647 edidit,
1006 2583 1149 2648 pssumis,
1164 2587 1267 2630 secutus

196 2664 269 2717 dubii
280 2663 342 2733 quid
360 2662 408 2716 sibi
428 2663 490 2716 velit
509 2662 578 2716 istud
586 2684 633 2731 pro
646 2681 704 2726 me,'
755 2663 857 2718 codices
868 2673 923 2715 tam
935 2680 1011 2721 suos,
1027 2677 1107 2729 quam
1122 2655 1266 2726 Naugerii,

195 2761 246 2795 nee
260 2751 399 2811 postquam
418 2760 557 2810 perperam
571 2741 707 2811 iuterpre-
757 2740 836 2795 Marii
848 2750 875 2793 et
887 2739 1054 2792 Bersmauni.

197 2819 264 2886 tati,
285 2824 312 2871 in
327 2838 407 2871 meam
423 2822 580 2881 utilitatem,
604 2838 637 2871 ex
652 2838 708 2872 meo
790 2838 812 2888 7.
830 2819 902 2883 Quid
908 2821 923 2872 Ρ
945 2837 994 2869 uon
1009 2818 1175 2874 Haemonius,
1196 2832 1267 2880 quern

196 2915 244 2950 usu
253 2906 301 2950 etr.
308 2895 451 2965 legendum
460 2895 656 2964 proposuissent
660 2917 708 2965 pro
755 2900 859 2964 cuspide
868 2899 979 2964 perculit
990 2906 1039 2948 etc.
1059 2896 1155 2965 Agitur
1166 2891 1198 2946 de
1210 2912 1268 2946 cer-

197 2995 235 3038 n,
248 2973 336 3028 nescio
348 2974 422 3040 cujus
434 2971 546 3039 codicis,
563 2992 643 3042 quem
650 2993 705 3026 non
756 2974 854 3026 tamine
867 2972 972 3025 Achillis
980 2991 1041 3024 cum
1050 2970 1177 3040 Telepho.
1186 2971 1267 3022 Hasta

198 3053 357 3117 nominant,
378 3051 707 3104 auctoritatosreti.lnve-
756 3063 847 3105 autem
863 3055 991 3104 Hemom'i
1005 3055 1106 3107 herois.
1131 3069 1181 3119 qua
1194 3060 1266 3113 arte,

198 3129 303 3183 hituriu
312 3126 473 3198 Cupidinem
480 3127 617 3196 poeta,qui
624 3145 708 3179 unum
758 3130 829 3201 quod
842 3130 987 3196 inflixerat,
1001 3131 1220 3192 vulnussauaret‚
1233 3128 1266 3180 sic

198 3226 226 3260 se
238 3207 295 3261 telis
306 3207 359 3260 suis
372 3204 519 3274 petendum'
527 3246 534 3273 ‚
547 3224 600 3274 prae
610 3204 709 3257 ceteris
757 3210 860 3264 Plinius
873 3207 968 3274 docet,
983 3224 1077 3273 xxxrv,
1095 3210 1141 3260 15:
1155 3229 1168 3250 «
1183 3206 1230 3259 Est
1242 3214 1268 3257 et

198 3285 319 3354 selegerit
336 3305 342 3338 ε
360 3302 463 3338 summa
481 3285 536 3338 hoec
556 3284 634 3336 totius
646 3301 709 3336 car·
758 3288 852 3357 rubigo
864 3288 917 3355 ipsa
930 3286 957 3338 in
971 3284 1111 3346 remediis;
1125 3295 1152 3336 et
1165 3284 1268 3337 sicTe-

175 3389 179 3400 ·
199 3365 286 3417 minis.
302 3364 368 3418 Jure
390 3365 470 3434 igitur
493 3381 630 3432 nunquam
649 3360 709 3414 satis
758 3365 867 3435 iephum
880 3363 1000 3433 proditur
1021 3381 1121 3415 sanasse
1136 3360 1268 3424 Achilles,

199 3448 435 3513 indepaiumiuse
452 3444 529 3508 dicit,
549 3453 576 3495 et
592 3442 670 3493 unius
683 3445 710 3491 iu
758 3443 811 3496 sive
832 3441 859 3495 id
876 3460 960 3507 aerea,
984 3441 1037 3493 sive
1059 3442 1145 3493 ferrea
1164 3436 1269 3507 cuspide

200 3526 275 3577 conde
285 3526 451 3583 desidiosunr,
461 3521 488 3572 id
497 3529 709 3584 est,cessantem.
758 3520 820 3573 fecit
833 3539 838 3573 :
851 3521 885 3573 ita
898 3530 968 3572 certe
987 3538 1046 3572 eam
1060 3517 1195 3571 decutiens
1216 3514 1270 3593 gla-

201 3600 295 3654 Restat
306 3619 378 3653 nunc
389 3597 596 3661 excutiendum,
620 3615 654 3647 au
665 3595 711 3646 Ιο-
760 3596 838 3651 dio.»
852 3598 905 3650 Ubi
917 3596 968 3650 vid.
982 3596 1113 3650 Harduiu.
1128 3606 1155 3647 et
1170 3592 1270 3663 Hygia.

202 3675 710 3747 cutiohaecpmme‚qu0diximussensu,
760 3676 823 3729 Fab.
838 3690 875 3728 cr.

202 3755 282 3809 latina
294 3768 371 3811 sonet
382 3757 506 3828 legitime.
522 3756 579 3825 Ego
591 3755 628 3807 sic
640 3753 712 3806 acci·
794 3755 817 3806 8.
827 3753 976 3821 Confossum
984 3754 1083 3804 medica
1094 3759 1141 3801 eto
1156 3746 1271 3813 Confos-

203 3833 328 3905 piendam
338 3835 426 3900 judico
437 3854 442 3886 :
454 3837 713 3903 nunquamsaiisin-
760 3854 830 3896 sunu,
850 3833 956 3903 plurimi
975 3831 1095 3884 codices:
1112 3826 1156 3879 sed
1170 3826 1272 3895 gravius

203 3913 322 3976 du'ffuaie,
345 3913 389 3965 ubi
408 3916 440 3964 de
458 3918 611 3982 mergitur,
632 3931 712 3981 quern
761 3904 1271 3980 hocverbum.quoseresemperdeidlis,

204 3987 309 4041 unicam
323 3987 367 4039 tibi
381 3989 496 4056 predam
513 3991 609 4043 videris
626 3990 713 4043 viudi-
762 3994 806 4062 qui
819 3993 854 4044 ita
864 3991 1057 4050 vulnerantur,
1081 3995 1110 4036 ut
1125 3983 1272 4037 indemnis

205 4085 289 4129 επακ
308 4065 348 4118 vel
356 4085 403 4133 pm
418 4088 470 4130 me,
485 4068 511 4119 id
525 4079 576 4133 est,
588 4089 636 4134 pro
648 4073 711 4131 illa,
762 4079 901 4139 sequatur,
916 4076 1028 4118 utuntur
1045 4072 1147 4116 veteres
1167 4082 1172 4114 :
1191 4083 1271 4132 quare

207 4162 264 4214 quae
273 4143 306 4197 ad
315 4142 458 4197 amandum
467 4146 586 4214 propellit
596 4166 652 4212 me,
666 4147 713 4198 in·
763 4165 812 4215 ego
823 4163 878 4197 non
892 4143 991 4196 alienus
1001 4159 1084 4194 essem
1094 4160 1108 4193 a
1119 4141 1271 4210 confi-asum.
