2798 4702
340 344 579 411 AMORUM
610 346 664 410 ll.
699 344 848 410 ELEG.
884 342 1016 411 XVII.
1148 342 1204 428 141

146 482 295 559 Vulcano
315 484 496 570 Venerem3
512 483 677 583 quamvis,
696 481 815 554 incude
833 481 965 569 relicta,

193 602 352 702 Turpiter
371 601 513 701 obliquo
531 598 694 673 claudicet
711 597 766 672 ille
783 598 875 698 pede.
1145 602 1148 610 '
1181 636 1214 671 20

147 718 311 797 Carminis
329 718 394 790 hoc
411 718 522 817 ipsum
540 741 645 811 genus
661 715 789 815 impar:
810 715 868 788 sed
884 731 990 789 tamen
1007 730 1082 815 apte

195 835 356 931 Jungitur
374 834 498 907 herous
514 859 589 905 cum
607 831 760 904 breviore
775 830 887 903 modo.

148 954 201 1025 Tu
219 976 353 1051 quoque
371 978 441 1036 me,
460 976 533 1022 mea
550 943 624 1034 lux,
643 947 678 1017 in
700 944 867 1045 quaslibet
885 947 996 1046 accipe
1010 944 1120 1040 leges3

197 1067 245 1139 Te
264 1067 377 1140 deceat
391 1062 501 1137 medio
518 1064 593 1161 jura
612 1061 741 1135 dedisse
760 1079 844 1134 toro.

150 1183 228 1254 Non
245 1180 309 1253 tibi
325 1180 449 1253 crimen
467 1207 540 1264 ero,
558 1206 619 1250 nec
637 1205 705 1277 quo
723 1174 840 1281 lauert
856 1166 1004 1263 ¹'remotim
1183 1201 1216 1251 25

708 1309 749 1326 „..
763 1284 848 1347 --χ

152 1384 214 1448 rioe,
228 1400 280 1451 quo
292 1381 381 1435 Numa
398 1377 430 1431 ad
443 1387 588 1430 nocturnos
599 1394 660 1429 cum
710 1374 821 1428 creticos
841 1385 930 1443 poetas
950 1374 1063 1439 formula
1081 1395 1137 1428 mea
1155 1378 1217 1439 lux,

154 1460 211 1514 Dea
229 1477 398 1530 congressus,
416 1466 443 1508 et
462 1453 609 1508 sacerdotes
628 1453 660 1506 ad
709 1471 766 1503 mea
779 1457 834 1503 vs'ta
845 1463 893 1504 etc.
907 1453 978 1521 quasi
991 1452 1042 1505 vita
1055 1454 1141 1506 omnis
1153 1453 1220 1507 illius

153 1534 355 1590 sacrificandum
377 1532 443 1584 Deae
464 1529 527 1582 lidei
543 1530 661 1581 ventita-
710 1530 754 1597 qui
766 1548 827 1581 vere
838 1529 1068 1596 amat,edominae
1079 1541 1146 1583 nutu
1158 1551 1219 1601 peu·

154 1614 218 1667 bant
225 1652 232 1679 ,
240 1622 373 1682 spectatur
384 1608 469 1661 adbuc
479 1606 507 1659 in
517 1607 582 1659 valle
591 1606 662 1677 Ege·
710 1605 771 1658 deat
780 1616 806 1658 et
816 1606 938 1669 arbitrio;
949 1617 976 1658 et
983 1607 1054 1676 qnod
1062 1608 1141 1674 vivit,
1155 1609 1221 1663 illius

155 1692 209 1757 ria,
222 1709 279 1743 non
291 1687 381 1758 procul
393 1706 407 1739 a
420 1685 500 1739 Circo
514 1683 661 1738 Caracalla.
688 1756 692 1761 Ι
710 1686 751 1740 sit.
760 1715 793 1726 -
801 1688 898 1754 Accipe
914 1690 988 1754 leges.
1010 1689 1107 1756 Accipe
1117 1695 1219 1756 partes,

156 1767 275 1822 Borrich.
289 1765 379 1834 Antiq.
391 1764 457 1817 Urb.
469 1783 491 1816 c.
504 1763 537 1828 3,
549 1773 611 1816 tect.
623 1765 646 1829 4
714 1763 790 1815 Junii
802 1762 890 1816 codex.

193 1867 231 1918 ¹9·
250 1845 587 1911 Quamvisdncaderelicta,
603 1843 664 1893 Tua
746 1845 785 1908 24.
808 1845 843 1895 Te
854 1845 944 1894 deceat
960 1846 1059 1910 medab,
1073 1845 1223 1898 Puteaneus

153 1929 222 1993 pilea
231 1925 356 1976 claadr'ce!
367 1931 414 1973 eto
432 1920 536 1973 Forma
549 1918 665 1988 turpitu-
712 1939 774 1974 cum
783 1920 866 1973 tribus
876 1921 931 1973 aliis
940 1940 946 1972 :
954 1920 1026 1974 idem
1031 1921 1093 1991 soro
1101 1941 1149 1992 pro
1159 1928 1224 1990 {0705

159 1996 665 2070 dinem,etartis,quamexercebatVul-
713 1997 758 2052 sed
781 2017 926 2068 perperam.
955 2001 989 2050 Te
1010 2002 1082 2053 dece!
1101 2004 1222 2065 emedio,

159 2102 251 2148 canus,
264 2080 439 2134 humilitatem
451 2079 582 2147 aptissime
594 2097 664 2133 con·
714 2076 889 2130 Faruesianus
901 2087 927 2129 et
941 2076 1061 2131 Francos.
1072 2089 1101 2131 ut
1111 2079 1145 2133 sit
1155 2087 1225 2133 tores

160 2160 243 2230 iungit
255 2169 349 2230 poeta,
367 2177 420 2227 quo
432 2157 526 2210 melius
539 2156 665 2209 asortiori
714 2155 762 2224 ipsi
774 2156 846 2223 quasi
863 2155 991 2221 thronus,
1005 2166 1049 2208 aut
1063 2157 1195 2223 tribunal,
1209 2178 1224 2210 e

161 2239 251 2306 probet
269 2255 343 2307 posse
365 2234 494 2290 Ovidium
513 2253 527 2286 a
547 2233 666 2286 Corinna
715 2235 821 2302 quoius
835 2233 910 2287 dicat.
926 2235 1226 2301 &knadedesseduoli-

161 2315 298 2381 redamari,
313 2334 395 2385 quum
408 2314 530 2367 Deorum
544 2312 666 2381 turpissi-
715 2312 756 2364 bri
767 2331 772 2365 :
778 2313 873 2379 jussa,
886 2311 992 2381 plurimi
1006 2312 1055 2364 alii.

63 2405 64 2408 ’
162 2392 441 2461 mum,artibcemque
457 2389 582 2444 eumdem
591 2391 668 2460 igno-
749 2393 789 2443 25.
807 2395 918 2459 Necquo
933 2392 1022 2443 ledere
1038 2397 1137 2444 remoto.
1153 2392 1225 2445 Huic

162 2472 329 2536 bilissimum,
344 2471 464 2523 Dearum
482 2468 668 2522 formosissima
716 2469 803 2522 sensui
814 2467 945 2521 coherere
959 2466 1061 2519 videtur
1070 2467 1225 2538 illudsupe-

162 2550 237 2602 cubili
249 2548 355 2618 dignata
367 2547 453 2600 suerit
716 2545 825 2611 rius,1n
836 2549 963 2613 quaslibet
971 2551 1058 2611 accipe
1069 2548 1143 2612 leges.
1155 2547 1225 2601 Nam

195 2647 233 2679 ss.
253 2629 378 2678 Camsim's
390 2628 437 2677 hoc
447 2631 528 2694 ipsam
534 2630 670 2693 5enass'm-
718 2626 809 2696 puellae
818 2624 975 2693 quandoque
987 2635 1087 2678 veteres
1096 2638 1226 2682 amatores

160 2724 215 2770 par.
223 2704 418 2772 Pergitsacetus
427 2714 510 2757 artem
518 2723 592 2757 suam
603 2703 671 2756 Vul-
719 2703 859 2757 excludunt
875 2702 907 2756 ad
923 2715 1041 2773 tempus,
1054 2714 1083 2756 ut
1095 2706 1226 2774 potiorem

165 2781 280 2834 canianae
291 2780 460 2846 conserendo,
473 2791 500 2834 et
510 2781 561 2835 boc
570 2783 669 2852 ipsum,
720 2779 875 2845 admittant,
889 2779 916 2832 id
928 2791 980 2846 est,
992 2781 1131 2850 largiorem
1141 2801 1146 2834 :
1156 2782 1227 2850 quod

166 2877 219 2927 quo
236 2878 307 2911 nune
323 2858 424 2920 utitur,
449 2861 572 2914 carminis
590 2880 671 2930 genus
720 2859 819 2928 priores
840 2870 957 2912 amantes
981 2879 1037 2912 non
1058 2860 1131 2913 facile
1152 2878 1227 2928 aequo

165 2940 310 2990 claudicare
328 2936 402 3003 dicit,
422 2937 449 2989 in
470 2957 523 3006 quo
543 2938 672 2992 distichon
721 2937 811 2989 animo
823 2938 912 2990 serunt
922 2977 928 3002 ,
939 2948 965 2991 et
976 2957 1044 3006 saepe
1057 2957 1170 2989 numero
1180 2938 1228 2990 in-

166 3014 268 3067 duobus
284 3024 384 3067 constat
404 3015 536 3080 versibus,
558 3035 672 3084 quorum
721 3013 836 3066 solenter
857 3015 979 3067 obstant:
995 3013 1067 3066 unde
1080 3014 1181 3083 ‘puellis
1201 3024 1229 3066 et

167 3093 269 3145 brevior
278 3093 425 3162 longiorem
440 3094 674 3162 subsequitur,ita
722 3091 851 3143 damnum
878 3102 904 3143 et
927 3091 1040 3143 dedecus
1065 3091 1172 3160 paritur.
1194 3091 1230 3144 Sc

167 3182 196 3223 ut
206 3171 271 3240 pede
283 3172 312 3224 in
324 3190 378 3224 uno
391 3170 512 3224 videatur
527 3172 673 3224 subsistere.
722 3169 801 3221 talem
823 3169 878 3220 sore
898 3179 977 3236 negat
999 3169 1086 3233 Naso,
1108 3168 1153 3236 qui
1170 3168 1230 3236 alibi

168 3249 249 3316 Quod
267 3269 322 3301 nou
343 3249 428 3302 verbis
446 3260 566 3310 tantum,
582 3249 627 3303 sed
644 3269 673 3303 re
722 3249 802 3301 etiam
815 3246 869 3299 ait:

167 3327 221 3394 ipsa
234 3325 409 3393 demonstrat,
419 3327 512 3396 prioris
522 3326 575 3380 scil.
586 3346 675 3380 versus
745 3335 799 3382 s‘tr⁰
806 3330 861 3369 sm:
869 3330 961 3377 domim,
970 3342 1020 3381 κβ
1028 3331 1118 3380 reputem
1128 3343 1157 3369 ²⁰·

169 3405 277 3473 abrupta
289 3405 498 3459 intermissione:
725 3405 756 3457 ln
767 3403 882 3472 quodam
895 3413 982 3456 tamen
996 3402 1173 3472 manuscripto
1181 3421 1232 3455 co-

168 3487 264 3526 Cminss
274 3486 310 3524 ΒΜ
320 3489 384 3536 ipsum
391 3500 451 3537 tw
458 3489 564 3537 inpu.....
724 3481 780 3535 dice
794 3482 889 3552 legitur
895 3522 903 3548 ‚
914 3484 967 3533 Nec
978 3501 1026 3549 quo
1035 3485 1116 3533 latere
1125 3487 1233 3533 remoto:

169 3560 258 3612 -Sed
264 3567 355 3612 tamen.
366 3560 491 3613 Francius
502 3559 628 3623 malebat,
639 3562 678 3614 Es
725 3579 783 3629 quae
792 3560 867 3615 lectio
879 3559 952 3613 valde
961 3559 1025 3611 mihi
1038 3558 1231 3627 placet:seusus

169 3644 259 3691 lamen.
726 3637 1234 3706 enimetsidiversusasuperiore,aper-

199 3737 239 3769 aa.
256 3719 378 3783 Juagitar
387 3718 481 3769 berou.
494 3718 603 3768 {lerona
613 3715 678 3767 Sar·
727 3719 777 3768 tior
790 3728 878 3769 tamen
891 3726 936 3768 est
948 3716 1025 3767 Man.
1045 3715 1076 3767 In
1090 3733 1144 3766 uno
1156 3715 1234 3768 Mas*-

170 3795 304 3861 rarianus,
323 3807 353 3848 ut
363 3795 395 3849 sit
407 3795 561 3866 graecismus.
578 3795 610 3845 In
622 3811 679 3844 νιν-
726 3797 802 3847 seian.
814 3799 908 3846 latere:
916 3793 1034 3863 superior
1044 3793 1121 3845 lectio
1129 3804 1167 3846 est
1176 3812 1234 3862 pro·

171 3891 224 3937 sas,
236 3875 395 3928 Puteanetts.
416 3873 515 3926 Hlttts.
538 3875 601 3926 Cam
616 3875 678 3922 bre·
727 3871 836 3925 babilior
845 3892 851 3923 :
861 3871 948 3923 subdit
961 3870 1051 3936 enim,
1064 3874 1122 3925 Noa
1133 3877 1181 3924 erit
1193 3874 1235 3925 tic

173 3956 236 4003 aiore
246 3955 312 4020 pede
330 3951 518 4005 Scriverianus.
539 3953 602 4003 Cum
618 3953 679 4001 bre-
727 3953 800 4003 nobis
818 3952 968 4019 inficiandus
990 3969 1066 4001 amor.
1092 3950 1124 4002 Iu
1154 3951 1235 4004 altero

173 4032 247 4092 aiore,
259 4032 361 4092 modas,
375 4029 489 4082 malebat
501 4028 634 4082 Francius.
729 4026 862 4079 blaffeiau.
879 4031 956 4080 latere
968 4047 976 4079 :
993 4028 1121 4094 fortassis,
1134 4034 1237 4082 latiam

206 4107 245 4159 23.
260 4111 321 4161 Mea
331 4112 384 4162 let.
400 4107 532 4163 Solemnis
544 4107 598 4164 haec
610 4105 680 4175 apud
728 4106 755 4159 in
769 4124 800 4159 eo
813 4116 868 4160 erat
880 4106 1054 4160 scribendum.
1069 4106 1147 4162 Ctor.
