2798 4702
214 333 282 424 ..94
478 322 1017 404 .1›.ov1o11uasou1s'

216 473 315 544 Hunc
331 487 430 572 potes
445 468 599 570 amplecti
615 467 770 544 formosis
783 470 887 545 stulta
899 472 1054 548 lacertis?

263 586 373 684 Hujus
390 583 426 655 iu
443 581 612 684 amplexus
626 583 727 659 stulta
739 586 848 660 venire
863 591 986 688 potes?

213 703 250 777 si
266 701 387 788 nescis,
404 698 529 796 galeam
544 717 644 801 caput
659 701 724 776 boc
743 720 876 803 portare
893 702 1045 780 solebat:

259 819 348 891 Ense
363 816 450 891 latus
468 817 628 904 cinctum,
643 816 734 917 quod
752 818 815 891 tibi
831 820 950 908 servit,
970 841 1049 896 erat.

210 937 306 1009 Lava
320 961 453 1020 manus,
468 931 521 1006 cui
538 959 627 1006 nuuc
645 962 754 1008 serum
770 933 854 1008 male
871 939 1025 1012 convenit
1041 967 1173 1029 aurum,
1245 967 1274 1016 to

258 1049 359 1122 Scuta
372 1047 470 1123 tulit:
486 1048 633 1122 dextram
650 1067 765 1146 tange,
781 1070 915 1126 cruenta
931 1052 1004 1127 suit.

210 1164 288 1262 Qua
304 1165 403 1264 periit
419 1163 558 1265 aliquis,
572 1182 669 1266 potes
683 1166 769 1242 banc
786 1169 977 1264 contingere
995 1170 1168 1246 dextram?

257 1282 352 1355 Heu!
366 1279 427 1354 ubi
442 1279 600 1356 mollities
616 1282 760 1382 pectoris
777 1274 836 1356 illa
851 1285 929 1358 tui?

210 1397 316 1472 Ceme
334 1396 518 1485 cicatrices,
533 1397 651 1471 veteris
666 1397 804 1494 vestigia
821 1426 957 1500 pugna:

257 1513 443 1610 Quaesitum
460 1531 511 1587 est
525 1511 575 1586 illi
592 1542 749 1614 corpore,
764 1515 929 1617 quidquid
944 1518 1055 1592 babet.
1240 1556 1272 1593 20

132 1623 134 1628 ’
207 1629 360 1702 Forsitan
377 1646 425 1716 et,
442 1628 573 1730 quoties
589 1629 758 1702 homiuem
771 1628 987 1727 jugulaverit,
1002 1630 1057 1707 iiie

257 1747 407 1838 indicet:
425 1748 490 1822 boc
505 1746 608 1821 fassas
623 1745 733 1842 tangis
745 1773 841 1819 avara
855 1749 998 1821 manus?

206 1863 267 1939 llle
285 1892 347 1959 ego
365 1865 538 1938 Musarum
555 1890 677 1962 purus,
696 1860 881 1962 Phoebique
899 1863 1071 1949 sacerdos,

163 2004 166 2011 ’
256 1978 310 2052 Ad
326 1978 449 2074 rigidas
466 1993 564 2052 canto
581 2004 713 2050 carmen
726 1975 825 2050 inane
841 1975 955 2051 sores..

209 2092 352 2181 Discite,
369 2093 429 2192 qui
446 2090 579 2194 sapitis,
596 2120 666 2165 nou
683 2120 756 2192 quae
771 2119 835 2165 nos
852 2090 973 2165 scimus
989 2090 1125 2177 inertes,
1237 2117 1270 2168 25

245 2315 282 2350 ιι.
299 2297 425 2347 Firmosis
437 2297 516 2346 stulta
532 2297 640 2346 lacerto.
662 2294 716 2348 Pro
764 2292 939 2349 Leouticbum
947 2289 1088 2363 quemdam
1096 2289 1206 2368 inducit,
1212 2294 1268 2362 qui,

209 2371 716 2442 stellatambic,quamsequentiversu,
765 2368 1269 2442 dumproclaressegestabelionarrat,

210 2454 518 2517 Puteaneus,oita:mea
526 2453 715 2513 witzinum,
765 2460 869 2506 tautum
880 2451 920 2504 sui
938 2449 1077 2503 bor-rorem
1099 2446 1201 2516 injicit,
1220 2461 1269 2516 ut,

210 2528 341 2584 blanditie
353 2539 508 2582 amatorum.
517 2528 636 2597 Propett.
645 2526 688 2580 lib.
695 2543 715 2595 1,
753 2546 845 2596 quam
867 2528 914 2581 sibi
931 2526 992 2581 velit
1009 2526 1163 2592 conciliare,
1185 2527 1270 2596 puella

212 2608 302 2677 Elegia
313 2623 354 2674 11,
367 2627 391 2659 v.
405 2627 415 2659 ι
428 2627 435 2660 :
765 2617 919 2660 narrantem
929 2607 1010 2676 suqiat
1021 2605 1166 2676 perterrita.

210 2695 266 2746 Quid
275 2696 332 2746 juv-t
339 2703 406 2734 eruto
414 2695 517 2745 procedere
522 2722 529 2743 ,
535 2694 591 2742 vite,
599 2692 686 2744 upilio?
798 2706 838 2739 ῃ,
859 2687 962 2752 Quoties
972 2687 1093 2738 bominem
1098 2684 1268 2751 jugulam,

214 2769 301 2838 Atque
313 2768 349 2821 ite
359 2765 401 2819 itte
410 2766 504 2836 passim
517 2765 584 2819 alibi.
593 2765 717 2836 Optimus
764 2766 809 2817 r’IIe
820 2765 925 2816 Inde'cet.
937 2761 1044 2815 Rectius
1055 2762 1082 2815 iu
1096 2761 1177 2815 MSS.
1186 2781 1270 2816 exem·

211 2846 345 2900 Palatinus
359 2855 470 2911 utroque
482 2843 539 2896 ioco
548 2881 556 2909 ,
566 2842 655 2910 sulm
670 2862 716 2897 se-
765 2840 877 2911 pleribus
886 2839 989 2909 iegitur,
996 2843 1056 2906 ipse.
1066 2839 1144 2891 Mau.
1156 2841 1204 2892 Ille
1211 2858 1270 2892 me-

151 2928 159 2940 ’
214 2927 304 2994 quenti
316 2941 393 2976 versu
406 2921 528 2990 quidam:
764 2908 1271 2983 liores:bostenliegulasenietiambar-

235 3008 304 3058 ttuju
313 3005 692 3056 inm91um‚·mtu‚minpoteot
762 2996 882 3050 ravianus
892 3013 898 3046 :
909 2994 997 3065 probe.
1012 2994 1066 3047 Pro
1079 2998 1192 3059 Iudicet,
1213 2997 1270 3050 Pu-

246 3085 282 3135 15.
302 3082 714 3134 cueuuucmlecomeaeuam
762 3084 888 3139 maneus,
908 3075 945 3125 Et
962 3075 1036 3126 dicet.
1057 3072 1267 3142 Arundeiiauus,
1376 3078 1381 3089 '

211 3159 349 3215 Anuuium
361 3149 509 3228 equestrem
521 3157 657 3227 intelligit,
670 3156 715 3226 qui
762 3153 876 3205 Be'cate!
882 3155 931 3205 hoc
931 3152 1032 3220 fassas.
1045 3153 1268 3224 Legofflmmet.

210 3257 315 3298 aureus,
332 3256 381 3290 nec
393 3237 437 3290 tali
451 3235 547 3289 dextra
562 3235 598 3288 ita
614 3253 715 3289 couve-
763 3229 863 3284 fleres.
876 3231 1266 3301 Forte,iste,pcrcontemtum,

210 3317 294 3368 niens.
302 3317 384 3369 &rum
393 3324 495 3380 autem,
505 3314 565 3382 quia
574 3331 629 3364 sero
636 3327 716 3379 eques
764 3320 794 3363 ut
804 3329 870 3381 sepe
882 3311 949 3381 apud
963 3311 1089 3365 Nostrum
1101 3323 1128 3365 et
1140 3313 1269 3367 aiios.Ho·

209 3395 292 3447 factus
304 3405 358 3446 erat
369 3393 432 3458 iste,
445 3390 477 3443 de
490 3408 543 3459 quo
554 3389 595 3442 bic
607 3388 698 3458 agitur.
763 3393 853 3441 misem
865 3409 920 3442 uon
935 3400 1025 3442 muto:
1035 3409 1097 3443 nam
1110 3394 1205 3444 hostem
1220 3393 1268 3461 ju-

247 3492 284 3541 ¹7·
304 3475 361 3538 Qua
368 3475 444 3538 persii
452 3473 545 3536 depuis
553 3508 560 3528 ,
568 3473 642 3535 poles
650 3469 717 3518 hanc
765 3468 853 3540 gulare
866 3469 934 3522 laudi
947 3471 1028 3533 soret3
1041 3471 1085 3523 sed
1098 3472 1218 3543 ambigue
1230 3472 1270 3526 lo-

207 3556 349 3616 coebnere
359 3551 473 3601 dextrane
481 3550 495 3601 ?
503 3545 565 3598 sese
578 3554 667 3596 tamen
679 3544 716 3596 ita
764 3567 847 3617 quens
858 3549 936 3602 etiam
950 3549 1131 3602 innocentium
1142 3551 1269 3620 sauguine

209 3646 251 3680 res
262 3626 355 3689 babet;
368 3635 395 3679 et
410 3623 524 3695 pueliam
539 3622 630 3691 sapius
648 3621 716 3675 sad·
763 3626 888 3680 soedatum
902 3627 1014 3680 indicare
1027 3638 1118 3695 potest.
1132 3629 1231 3682 Bouto.

209 3706 317 3758 notibus
329 3705 431 3758 virtutis
446 3702 560 3767 bellica,
576 3719 655 3769 quam
667 3701 716 3753 in·
798 3705 836 3757 αδ.
854 3709 902 3757 Ille
914 3725 973 3772 ego,
987 3706 1117 3758 Musarum
1129 3723 1208 3771 purus
1222 3717 1270 3758 etc.

210 3783 280 3849 genii
291 3780 395 3835 dotibus
407 3781 512 3850 ceperis.
533 3780 604 3833 lnest
622 3780 715 3850 quippe
766 3779 822 3849 Qui
834 3793 912 3836 castas
924 3793 950 3835 et
959 3801 1038 3848 peras
1049 3801 1063 3834 a
1074 3779 1199 3849 sanquine
1213 3798 1270 3831 ma-

210 3856 240 3907 io
257 3876 285 3908 re
301 3858 421 3924 militari,
445 3858 532 3912 nescio
548 3858 610 3926 quid
623 3857 716 3926 sragosi
765 3878 815 3912 nos
827 3859 916 3912 babeo.
925 3857 1076 3928 Opponitur
1084 3860 1175 3909 dextre
1184 3875 1269 3908 cruen-

211 3942 238 3986 et
248 3936 428 4003 tumultuarii,
448 3935 519 4006 quod
532 3936 637 4006 ingenio
651 3954 716 3988 mu·
765 3944 797 3988 te
807 3936 905 4001 militis,
918 3935 962 4004 qui
978 3938 1073 4003 quoties
1084 3934 1207 3984 homiuem
1215 3932 1268 3998 ju-

210 4009 288 4063 iiebri
304 4012 365 4062 sotis
385 4014 603 4068 accommodatur.
618 4012 718 4067 Confer
762 4017 892 4082 {clareret
906 4012 993 4065 amicte
1000 4009 1268 4076 namatjactabundus.

211 4087 316 4145 turicino.
325 4087 425 4158 Dialog.
434 4107 499 4155 xus,
510 4091 659 4157 stercuto,
673 4090 717 4145 ubi
799 4095 837 4144 2⁵.
856 4093 913 4144 Nor
929 4093 981 4142 hec
995 4107 1048 4157 que
1062 4091 1155 4141 serious
1171 4093 1268 4142 inertes.
