2798 4702
234 331 295 397 160
348 315 356 331 ,

513 333 553 397 P.
584 334 763 402 OVIDII
786 329 1015 407 NASONIS

278 472 442 545 Contactu
461 469 572 543 lateris
586 469 717 545 laeditur
732 473 796 548 ista
813 474 871 547 tui.

227 590 280 662 Tu
299 616 450 688 quoque,
466 587 524 687 qni
542 604 671 688 spectas
683 606 761 689 post
776 618 856 681 nos,
871 605 929 667 tua
945 594 1101 671 contrahe
1115 626 1225 689 crura,

275 704 312 777 Si
328 703 441 803 pudor
457 721 524 791 est,
539 703 648 798 rigido
662 733 705 778 ne
720 734 832 807 preme
849 726 942 806 terga
957 740 1055 807 genu.

225 820 292 895 Sed
308 821 447 895 nimium
463 819 605 894 demissa
619 822 729 920 jacent
746 823 809 897 tibi
824 822 924 925 pallia
942 841 1055 901 terrae:
1262 857 1294 908 ss

275 934 424 1031 Collige3
439 933 490 1010 vel
508 934 621 1031 digitis
641 965 683 1011 en
699 966 762 1032 ego
779 936 862 1012 tollo
880 941 972 1015 meis.

179 1131 182 1135 ,
226 1053 343 1128 Invida
358 1054 458 1127 vestis
474 1081 562 1140 eras,
578 1081 651 1152 qnae
667 1071 734 1127 tam
750 1055 842 1129 bona
859 1085 955 1131 crura
972 1059 1107 1154 tegebas
1119 1090 1128 1133 ε
1138 1096 1148 1141 ·,

273 1173 421 1273 Quoque
438 1171 543 1266 magis
561 1187 708 1270 spectes,
722 1171 835 1246 invida
851 1174 951 1248 vestis
968 1202 1050 1249 eras.
1132 1196 1135 1201 ’

222 1289 316 1365 Talia
330 1287 498 1363 Milanion
514 1285 686 1361 Atalantes
701 1317 796 1363 crura
811 1287 938 1385 fugacis

272 1404 414 1506 Optavit
430 1403 585 1476 manibus
599 1404 796 1478 sustinuisse
814 1404 905 1478 suis:

223 1519 316 1595 Talia
331 1519 505 1592 succinctae
520 1518 707 1616 pinguntur
724 1547 819 1590 crura
836 1519 970 1606 Dianae,

272 1643 388 1737 Quum
403 1638 554 1738 sequitur
567 1636 685 1725 fortes,
700 1637 821 1710 fortior
837 1639 927 1738 ipsa,
942 1640 1037 1715 feras.

222 1757 286 1829 His
303 1782 366 1849 ego
384 1780 453 1825 non
470 1752 549 1826 visis
567 1750 654 1825 arsi:
670 1751 752 1852 quid
766 1751 823 1824 fiet
840 1754 882 1826 ab
900 1753 1001 1827 istis?

269 1874 310 1944 ln
326 1869 490 1943 flammam
504 1868 668 1956 llammas,
683 1869 719 1940 in
736 1897 824 1941 mare
837 1867 950 1941 fundis
967 1897 1078 1969 aquas.

222 1987 383 2088 Suspicor
398 2014 438 2060 ex
455 1983 528 2058 istis
546 2002 580 2058 et
595 1999 702 2058 cetera
718 2013 817 2085 posse
834 1981 982 2084 placere,
1257 2011 1290 2063 35

269 2107 355 2204 Qua
370 2105 455 2179 bene
472 2102 536 2176 sub
555 2101 647 2174 tenni
663 2100 798 2175 condita
810 2117 899 2174 veste
916 2098 1028 2174 latent.

220 2223 281 2296 Vis
300 2239 409 2296 tamen
422 2220 547 2294 interea
561 2216 673 2293 faciles
691 2246 850 2293 arcessere
867 2234 1002 2305 ventos,

254 2452 293 2517 24.
311 2451 350 2502 Ne
364 2467 455 2516 preme.
475 2445 582 2500 Rectius
594 2446 622 2498 in
634 2463 731 2498 manu-

221 2527 320 2599 scriptis
332 2526 436 2596 legitur,
449 2544 503 2588 nec,
516 2535 545 2578 ut
553 2525 586 2578 sit
598 2525 690 2594 copula
697 2525 731 2578 si-

779 2446 885 2500 lanione
902 2445 1037 2516 quodam,
1066 2445 1135 2517 apud
1154 2448 1288 2518 Aristoph.

779 2525 912 2598 Lysistrat
922 2525 969 2594 786
976 2565 983 2593 ,
990 2526 1216 2579 narraturmostri
1224 2547 1287 2580 vero

221 2606 346 2660 mulcum
356 2603 588 2675 negationellltn.
601 2604 640 2658 Ne
649 2603 731 2657 edidit
779 2604 901 2659 meminit
914 2605 1034 2674 Propert
1047 2621 1073 2668 1,
1089 2603 1161 2675 Eless.
1173 2621 1197 2672 1,
1211 2625 1247 2678 q:

221 2682 504 2759 Gryphiusetaliiwid.
512 2682 730 2753 tntEtegsrss.

252 2768 292 2817 25,
301 2764 646 2830 Demissajacerrttuapallrie
653 2768 728 2813 terre.

219 2841 433 2908 Dr'rm'ssajacert
439 2841 574 2904 tr'br'pallr'a
581 2844 661 2900 terre,
673 2857 728 2889 me-

218 2921 302 2975 liores.
315 2919 372 2972 Nec
381 2921 507 2977 demessa,
525 2934 573 2967 ner
585 2922 655 2968 terre
666 2935 729 2967 mu-

219 3011 282 3054 tem.
304 2996 450 3068 Quomodo
463 3005 489 3048 et
507 2995 642 3048 Homerus
655 2993 727 3047 lliad.

221 3079 253 3132 A.
266 3080 315 3145 245
325 3095 331 3128 ε
344 3085 400 3131 [1πὶ
409 3081 433 3130 o'i
442 3088 554 3142 σκῆπτρον
563 3075 618 3140 §sila
630 3081 694 3146 peip.

216 3166 223 3178 '
252 3156 291 3208 28.
307 3155 409 3223 Quoque
416 3160 498 3220 maris
504 3158 608 3220 spectes.
620 3152 725 3212 Preces,

219 3234 247 3285 in
260 3233 342 3286 tribus
351 3232 439 3296 tibris;
452 3230 522 3300 quod
536 3250 590 3298 non
602 3230 727 3286 invenus-

219 3324 291 3380 tum,
306 3313 400 3366 Heius.
412 3321 555 3365 notaverat
568 3309 621 3364 Sed
630 3316 727 3379 spectes

218 3402 288 3444 reete
303 3391 419 3456 Marius,
432 3408 480 3458 pro
492 3393 586 3456 aliquis
596 3394 726 3455 spectaret.

219 3471 335 3537 Spectare
346 3486 409 3520 vero
421 3466 463 3519 bic
475 3476 514 3519 est
525 3467 652 3519 estimare
663 3508 671 3532 ,
682 3485 727 3517 re-

218 3560 311 3619 putare
321 3588 328 3614 ,
338 3546 493 3600 examinare.
504 3545 548 3599 Sic
557 3546 574 3598 J
577 3556 624 3599 uss.
633 3561 670 3609 11,
683 3564 725 3598 10:

220 3630 332 3681 Ceterum
344 3631 372 3678 si
384 3644 463 3692 regem
474 3630 586 3690 spectes,
606 3626 723 3688 de'rr'te‘as,

216 3726 266 3759 raorr
278 3708 365 3760 ducem
375 3708 469 3758 laudes.
486 3703 583 3757 Butler.

251 3806 290 3857 ²9·
308 3789 384 3837 Talla
390 3785 517 3836 Mr'larubr
524 3793 572 3837 etc.
581 3783 631 3836 Vel
640 3784 725 3853 potius

218 3863 365 3927 Melambn,
387 3861 458 3914 idem
471 3861 516 3930 qui
534 3861 723 3932 Hippomene,

219 3938 723 4010 Atalantesconjux:vid.Apollod.llibl.

778 2696 876 2736 Milanion
883 2696 1058 2747 nullosfugieudo,
1071 2698 1140 2746 Tulle,
1150 2697 1236 2745 labores,

801 2771 900 2808 savini-m
908 2769 961 2808 dum
970 2770 1060 2808 contudit
1067 2770 1148 2809 Iasidos.

777 2841 849 2894 lllira
861 2853 950 2895 autern
962 2841 995 2894 de
1013 2844 1067 2912 ipsa
1079 2842 1201 2896 Atalante
1215 2844 1284 2897 inter

776 2920 981 2990 mythograpbos
1002 2923 1189 2992 perturbatio,
1219 2922 1284 2976 dum

777 2997 899 3051 Schoenei
914 2998 995 3051 filiam
1008 3000 1067 3064 alii;
1084 3000 1154 3068 Jasi,
1171 3001 1211 3054 vel
1225 3001 1283 3054 lasii

777 3076 818 3128 alii
830 3076 997 3130 contendunt
1008 3100 1015 3142 ;
1030 3077 1118 3148 sicque
1130 3099 1161 3131 ex
1173 3089 1283 3148 utraque

775 3175 858 3208 unam
878 3157 984 3211 faciunt.
1007 3158 1061 3212 Sed
1086 3159 1160 3213 litem
1183 3160 1283 3213 dirimit

777 3233 967 3304 Apolloniensis
978 3237 1125 3308 interpres,
1146 3236 1177 3291 ad
1197 3238 1240 3292 lib.
1254 3256 1285 3310 1,
1372 3252 1375 3257 '

777 3313 824 3385 769
835 3336 842 3376 ;
855 3314 1035 3383 quemadeas,
1048 3317 1069 3369 si
1084 3317 1175 3386 placet.

807 3392 848 3445 31.
864 3395 1009 3460 Pr'rtgurrtur.
1033 3397 1173 3464 Fl'rtffurtlur
1189 3395 1282 3450 Sarra·

775 3470 867 3524 vianus
879 3491 885 3523 :
898 3471 1009 3541 rectius,
1023 3484 1052 3527 ut
1065 3485 1137 3544 puto.

807 3548 847 3601 35.
861 3550 980 3617 Suspicor
987 3571 1019 3603 ex
1026 3543 1084 3604 ἴση]
1092 3563 1140 3605 etc.
1149 3554 1233 3619 Sl'qrra
1243 3556 1281 3603 la·

772 3635 839 3690 rent,
852 3631 955 3684 meliora
961 3638 1054 3698 purae·
1068 3630 1101 3684 de
1112 3630 1210 3684 Phaebo
1217 3667 1225 3693 ,
1238 3630 1281 3680 su-

773 3708 890 3778 gientem
901 3708 1034 3779 Daphnen
1043 3710 1208 3778 insequente,
1216 3706 1280 3759 Me-

774 3788 903 3857 tamorph.
917 3805 956 3854 11,
970 3791 1026 3841 502.

805 3868 845 3936 37.
867 3870 913 3922 Vr's
929 3875 1012 3921 temer
1023 3863 1218 3932 r'rrlereasaciles
1233 3883 1278 3916 ar-

772 3963 868 3998 cessere
886 3953 980 3998 vertos.
1001 3943 1043 3995 Sic
1059 3941 1117 3994 libri
1136 3941 1278 3996 meliores:

217 4033 270 4083 111,
282 4039 312 4090 9,
324 4029 350 4071 et
358 4038 416 4089 quae
425 4021 453 4072 in
461 4019 537 4075 Obss.
548 4020 618 4075 Clar.
628 4024 723 4092 Heyrre.
772 4023 861 4092 probe.
874 4022 927 4076 Sed
939 4021 1029 4075 durius
1040 4030 1079 4072 est
1083 4020 1199 4087 [αὕτη
1215 4023 1275 4091 quia

217 4095 288 4152 Nihil
300 4094 397 4150 adrem
407 4110 540 4167 nostram,
552 4119 609 4170 quae
619 4101 651 4155 de
660 4101 724 4156 llle-
764 4100 856 4168 laceb!
869 4099 1002 4169 sequitur,
1028 4109 1054 4152 et
1071 4099 1166 4154 rectius
1178 4102 1275 4169 [aceles
