2798 4702
158 362 224 445 430
431 360 470 424 r.
497 358 678 427 ov1n11
702 357 928 425 NASONIS

157 498 284 574 Pcrfide
296 496 541 598 Demophoon,
557 495 674 571 surdas
691 495 855 572 clamabat
870 497 912 571 ad
928 498 1058 590 undas;

205 619 387 718 Ruptaque
403 613 553 710 singultu
570 614 671 689 verba
688 613 834 688 dolentis
852 632 956 689 erant.

157 735 268 809 Limes
283 750 355 808 erat
368 733 498 820 tenuis,
513 730 612 828 longa
628 731 833 806 subnubilus
848 733 989 822 umbra,

207 853 288 950 Quo
307 849 385 924 tulit
397 848 455 924 illu
472 877 553 924 suos
570 849 612 923 ad
628 876 716 923 mare
734 877 820 950 sepe
838 851 951 951 pedes.

157 970 256 1041 Nona
271 966 438 1041 terebatur
454 965 580 1039 misero
596 964 649 1037 via
663 993 671 1036 ε
686 962 823 1053 videris,
843 965 978 1066 inquit:

204 1086 252 1158 Et
268 1100 396 1185 spectat
412 1110 529 1156 zonam
546 1078 670 1182 pallida
686 1080 774 1154 foeta
788 1110 892 1155 suam.

159 1200 313 1301 Adspicit
329 1218 363 1275 et
378 1227 488 1274 ramos
504 1229 512 1272 ε
527 1198 678 1286 dubitat,
694 1195 885 1297 refugitque
903 1196 996 1298 quod
1012 1197 1134 1286 audet3

207 1319 253 1391 Et
269 1317 381 1404 timet,
395 1334 428 1390 et
442 1315 566 1412 digitos
583 1313 626 1389 ad
645 1342 705 1388 sua
721 1313 808 1387 colla
824 1313 934 1387 refert

160 1432 316 1521 Sithoni,
332 1449 410 1505 tunc
429 1448 515 1505 certe
531 1428 650 1505 vellem
666 1459 736 1503 non
754 1429 826 1504 sola
840 1429 983 1517 suisses;
1184 1453 1242 1507 605

207 1551 286 1622 Non
303 1547 397 1622 fleres
415 1547 534 1648 positis
552 1546 724 1648 Phyllida,
740 1544 839 1635 silva,
855 1546 980 1619 comis!

160 1664 324 1766 Phyllidis
343 1661 492 1763 exemplo
509 1662 651 1736 nimium
664 1681 790 1738 secreta
807 1663 940 1753 timete,

208 1782 299 1853 Laese
316 1781 366 1853 vir
381 1808 400 1852 a
417 1779 567 1868 domina,
583 1777 659 1854 laesa
675 1777 788 1880 puella
803 1779 884 1852 viro.

160 1923 420 1997 Potissimum
434 1919 583 2019 juvenis,
598 1919 765 2021 quidquid
782 1948 855 1995 mea
872 1921 973 1996 Musa
988 1920 1156 2020 jubebam

209 2048 316 2147 Inque
334 2073 401 2119 sue
417 2062 521 2145 portu
537 2073 634 2145 poeuc
650 2043 767 2120 salutis
785 2061 864 2118 erat.
1185 2070 1241 2124 610

160 2170 329 2257 Reccidit,
344 2187 383 2243 ut
400 2167 541 2269 cupidos
558 2169 645 2243 inter
662 2169 794 2243 devenit
811 2185 958 2243 amantes
972 2198 980 2257 ;

208 2297 270 2380 Et,
286 2320 359 2393 quae
374 2290 584 2379 condiderat,
601 2290 666 2366 tela
683 2293 838 2366 resumsit
856 2294 970 2366 Amor.

160 2414 197 2487 Si
216 2414 291 2515 quis
309 2441 417 2500 amos,
433 2440 494 2485 nec
511 2412 583 2499 vis,
598 2412 698 2485 lecito
717 2412 870 2509 contagia
887 2413 986 2486 vites:

209 2538 288 2610 flaec
306 2537 404 2610 etiam
422 2535 535 2636 pecori
554 2562 640 2637 saepe
656 2563 776 2610 nocere
794 2534 913 2611 solent.

193 2725 250 2797 598.
267 2725 401 2792 Ruptaque
411 2724 523 2790 cengille
538 2725 614 2774 verba
626 2725 672 2774 Io-
722 2721 772 2775 des
781 2731 808 2775 et
816 2731 916 2791 septem
925 2719 1129 2775 aliicumaltero
1137 2720 1240 2793 Regio:

158 2807 264 2872 quentis.
276 2805 411 2870 Raptaque
422 2801 521 2870 Regius
533 2811 561 2854 et
573 2801 673 2855 Putea-
721 2800 775 2853 duo
782 2801 835 2854 mei
847 2809 874 2853 et
882 2799 937 2853 duo
948 2799 989 2853 alii
997 2802 1104 2868 ,stetere
1117 2811 1149 2854 ut
1162 2806 1189 2856 ei
1197 2803 1240 2855 Se·-

159 2899 304 2936 neustnon
313 2880 405 2950 probo.
417 2877 493 2932 Idem
503 2878 614 2948 Regius,
624 2881 673 2931 do-
719 2879 828 2933 tdom'in
839 2877 969 2948 superiori
978 2896 1070 2945 venu,
1083 2897 1148 2931 cum
1161 2884 1241 2951 syloa

158 2954 671 3028 lentir,prodiversalettione:utromodo
720 2968 894 3011 construetur.
912 2959 970 3010 Non
987 2960 1044 3009 sola
1057 2956 1086 3008 in
1102 2958 1242 3027 superiori

158 3047 261 3108 septem
267 3036 315 3090 alii.
322 3036 414 3099 Recte;
423 3033 672 3103 sedquercslisputo
720 3056 798 3091 versu
810 3037 924 3107 Scripti,
937 3055 986 3106 pro
997 3054 1034 3088 ere.
1047 3035 1132 3088 lours.

159 3114 343 3180 scribendum,
353 3133 405 3184 quo
417 3113 497 3166 verbo
510 3111 608 3166 Noster
620 3112 673 3165 im·
752 3115 810 3186 607.
828 3118 941 3168 Nimium
959 3120 1056 3167 secreta
1074 3121 1169 3167 curete.
1190 3117 1242 3170 Ti·

159 3214 240 3265 pense
253 3191 357 3265 gaudet.
369 3193 413 3248 sie
423 3193 492 3245 infra
501 3192 566 3260 644:
720 3201 784 3247 mete
792 3193 881 3262 scripti
893 3203 920 3246 et
930 3193 1016 3263 prima
1027 3190 1117 3245 editio.

178 3277 373 3331 mmmm·
380 3276 444 3314 ΜΠ·
453 3277 556 3327 querenda
563 3275 631 3314 mem.
642 3274 670 3313 Ε
752 3272 811 3324 611.
828 3274 940 3324 Decidit.
952 3271 1032 3338 Duo,
1045 3272 1159 3324 Accidit.
1172 3271 1241 3327 Re-

191 3352 250 3406 fior.
265 3354 372 3413 Wderit,
385 3355 473 3419 inquit.
483 3349 609 3420 Optimus
619 3351 673 3403 Ps-
721 3350 777 3420 gius
787 3354 936 3418 ,Reccidit,
947 3370 997 3421 pro
1007 3353 1121 3409 Recidit.
1136 3361 1168 3404 ut
1178 3353 1242 3408 sero

159 3430 262 3483 tarinus
273 3469 281 3496 ,
291 3433 399 3491 ordeni,
416 3437 447 3480 ut
457 3447 485 3481 se
496 3429 579 3498 ipsam
592 3426 672 3480 adlo-
720 3447 826 3498 semper
836 3429 959 3484 scribitur
969 3430 997 3482 in
1010 3429 1193 3484 vetustissimis
1206 3432 1244 3486 li·

159 3519 256 3579 quatur
268 3527 274 3560 :
289 3506 425 3576 quomodo
437 3525 504 3575 sepe
518 3506 586 3559 alies.
720 3509 790 3575 bris,
801 3508 909 3579 quando
921 3510 1006 3579 prims
1018 3508 1115 3581 syllaba
1127 3509 1242 3579 produ·-

191 3587 249 3639 503.
265 3586 388 3654 Adspicit
400 3592 427 3637 et
441 3604 526 3637 menos
536 3604 544 3636 :
556 3587 670 3646 dubitat,
720 3587 889 3642 citur:recte.
896 3591 1001 3642 Recidit
1010 3588 1090 3640 etiam
1101 3599 1141 3641 est
1152 3588 1180 3641 in
1191 3609 1243 3645 ex-

157 3663 295 3733 resrcgitquc
314 3666 383 3732 quod
396 3665 474 3716 audet
493 3671 542 3715 etc.
564 3661 672 3715 Rectius
720 3665 816 3735 cerptis
828 3665 960 3735 scaligeri.
973 3667 1073 3718 llutos.

160 3755 225 3818 puto
237 3742 406 3797 scribendum
417 3762 423 3795 ε
752 3745 809 3799 liro.
827 3748 866 3799 Et
873 3764 928 3814 que
939 3749 1086 3800 deciderant
1095 3748 1155 3800 tela.
1170 3748 1242 3800 Con·

158 3831 276 3883 Adspicitot
284 3845 347 3871 remos
356 3830 696 3883 dubtunstugtemqnequodeuder,
720 3828 837 3878 ussetan!
842 3825 959 3895 plerique
972 3837 1074 3879 vetem
1083 3844 1182 3891 guum,
1191 3845 1244 3879 ee.

182 3908 208 3945 ῑῑ
215 3907 284 3946 sintne
291 3908 363 3959 digito·
373 3909 397 3948 ὦ
406 3921 441 3947 ¹¹¹·
451 3909 501 3946 ⁶⁰¹¹·
511 3907 577 3945 refert·
720 3908 849 3956 cs'eiercnt:
860 3904 938 3971 alius,
947 3909 1102 3965 recidererc&
1114 3903 1161 3957 sed
1169 3902 1244 3958 Sar-

163 3981 277 4040 Yimide,
288 3992 318 4033 ut
331 3983 400 4036 infra
416 4000 479 4051 7²²²
720 3984 856 4049 recianus,
867 3983 932 4036 alter
940 3983 1053 4052 Regius,
1062 3993 1089 4036 et
1100 4001 1170 4036 unus
1179 3984 1244 4038 Va·

182 4059 216 4097 'l'o
224 4061 292 4098 timido
299 4062 382 4102 llemrnoe
391 4064 463 4114 perfide
471 4064 643 4103 verberatum.
719 4060 819 4114 fiemus
828 4100 836 4127 9
848 4063 997 4113 confidem!
1002 4082 1011 4113 ‚-
1019 4062 1100 4132 probe
1111 4083 1118 4126 3
1131 4061 1162 4116 in
1172 4061 1242 4132 pha.

190 4130 249 4184 too.
262 4135 407 4202 iionsteres.
419 4138 669 4192 nessesJuretico-
717 4148 788 4192 retra
801 4137 930 4192 videlicet.
950 4138 1032 4191 loru.
