2798 4702
194 396 259 462 310
465 394 504 458 Ρ.
537 394 721 464 OVIDII
751 393 984 463 NASONIS

189 534 380 634 Penelopen
397 534 517 607 absens
534 533 639 608 solers
656 535 835 635 torquebat
852 532 986 609 Ulixes:
1210 561 1262 614 355

238 650 447 752 Phyllacides
465 652 599 740 aberat,
617 651 814 742 Laodamia,
830 670 918 726 tuus.

190 767 256 840 Sed
274 797 367 841 mora
385 786 455 841 tuta
471 768 582 843 brevis
598 799 606 841 :
624 768 812 843 lentescunt
829 788 978 869 tempore
995 796 1100 862 curae,

240 885 463 985 Vanescitque
481 885 619 974 absens,
633 904 666 960 et
683 915 791 960 novus
809 887 913 960 intrat
927 914 1029 960 amor.

193 1001 284 1075 Dum
303 1002 475 1078 Menelaus
492 1003 603 1091 abest,
619 1002 744 1077 Helene
761 1032 803 1077 ne
821 1002 893 1076 sola
907 1004 1047 1102 jaceret.

241 1119 396 1220 Hospitis
413 1138 463 1194 est
482 1121 595 1222 tepido
613 1138 711 1195 nocte
726 1139 859 1222 recepta
877 1121 964 1194 sinu.
1212 1139 1264 1190 360

197 1236 284 1333 Quis
303 1254 422 1338 stupor
438 1238 510 1327 hic,
523 1238 690 1328 Menelae‚
704 1238 792 1313 suit?
811 1256 846 1312 tu
864 1237 955 1312 solus
972 1237 1107 1311 abibas:

245 1354 354 1428 Isdem
373 1357 435 1430 sub
455 1357 550 1431 tectis
566 1356 691 1459 hospes
709 1375 742 1431 et
759 1385 844 1431 uxor
861 1373 966 1431 erant.

196 1471 359 1571 Accipitri
377 1472 508 1546 timidas
526 1475 650 1561 credis,
668 1475 811 1560 furiose,
829 1472 1026 1548 columbas?

247 1586 386 1659 Plenum
402 1606 562 1662 montano
580 1591 686 1663 credis
705 1589 791 1665 ovile
807 1590 916 1691 lupo?

197 1700 256 1775 Nil
273 1703 399 1777 Helene
416 1722 549 1804 peccat;
564 1704 612 1777 nil
630 1706 685 1779 hic
700 1708 880 1780 committit
897 1704 1046 1779 adulter:
1217 1716 1267 1771 365

249 1819 354 1914 Quod
370 1839 426 1908 tu,
443 1821 536 1922 quod
553 1821 675 1896 laceret
690 1821 852 1922 quilibet,
870 1819 925 1893 ille
941 1819 1028 1892 facit.

201 1936 304 2032 Cogis
321 1935 537 2025 adulterium,
555 1938 667 2012 dando
685 1956 883 2039 tempusque
901 1935 1087 2034 locumque.

250 2054 350 2150 Quo,
365 2053 431 2126 nisi
449 2053 590 2126 consilio
608 2071 658 2127 est
674 2083 736 2128 usa
752 2052 864 2155 puella
881 2052 967 2125 tuo?

201 2169 296 2266 Quid
312 2169 432 2242 saciat?
445 2169 495 2240 vir
512 2170 622 2256 abest,
640 2187 673 2242 et
690 2169 783 2243 adest
798 2196 868 2240 non
886 2165 1030 2239 rusticus
1047 2163 1191 2259 hospes:

250 2287 296 2357 Et
313 2285 408 2357 timet
424 2285 460 2359 in
476 2312 581 2357 vacuo
598 2283 669 2357 sola
685 2286 807 2358 cubare
826 2302 911 2357 toro.
969 2279 973 2286 ’
1222 2297 1273 2364 370

204 2399 335 2474 Viderit
352 2400 487 2474 Atrides
503 2399 678 2475 :Helenen
696 2429 759 2493 ego
778 2400 915 2474 crimine
933 2396 1038 2473 solvo.

254 2525 325 2597 Usa
341 2541 391 2597 est
406 2523 543 2597 humani
562 2522 798 2598 commoditate
816 2523 888 2596 viri.

209 2676 282 2751 SED
298 2704 406 2776 neque
419 2674 530 2749 sulvus
545 2703 624 2775 aper
638 2673 746 2749 media
762 2692 829 2748 tam
845 2701 949 2748 saevus
967 2672 1002 2744 in
1017 2671 1080 2755 ira,

254 2798 428 2873 Fulmineo
447 2796 584 2898 rapidos
603 2798 683 2871 dnm
700 2815 790 2871 rotat
808 2826 864 2870 ore
880 2822 1000 2879 canes3

242 2984 723 3053 asspenetopmtsm.PriorMen-
770 2980 1043 3040 tun’slullusabe'bas?
1055 2974 1279 3048 qnaelacilisaber·

208 3065 263 3118 telii
276 3064 325 3116 hoc
336 3062 466 3117 distichon
479 3081 534 3115 non
548 3062 664 3131 agnoscit
676 3083 682 3114 :
696 3072 724 3116 et
771 3063 853 3116 ratio:
866 3061 902 3113 ita
914 3061 986 3113 enim
999 3068 1026 3110 et
1037 3058 1079 3110 lib.
1091 3053 1279 3120 vnr,Metam.

209 3143 296 3197 abesse
306 3151 405 3211 potest,
418 3141 488 3194 salva
501 3139 627 3193 orationis
638 3139 722 3193 serie:
772 3143 820 3213 748
830 3164 836 3202 t
848 3151 874 3194 et
887 3139 955 3210 apud
969 3139 1064 3206 Quint.
1077 3151 1145 3199 vin,
1157 3134 1279 3197 33etx1,

211 3230 250 3274 est
262 3221 335 3274 enim
346 3218 562 3288 frigidiusculum.
576 3219 678 3271 Herna.
773 3241 797 3285 π,
805 3217 1027 3278 errasselibrarios
1035 3213 1202 3267 offendimus.
1211 3211 1284 3262 Utor

244 3301 302 3371 357.
315 3302 472 3353 Laenlescnnt.
486 3302 669 3366 humescunt,
680 3314 724 3350 sex
771 3305 828 3350 era!
834 3339 840 3357 ‚
855 3297 933 3350 etiam
947 3294 1046 3349 Lincol.
1059 3303 1086 3346 et
1098 3292 1151 3345 duo
1162 3291 1213 3344 alii.
1224 3289 1255 3341 B.

157 3390 162 3407 ¹
210 3377 313 3434 codices
328 3399 334 3430 :
347 3383 605 3445 languescentunus:
618 3383 725 3441 tempore
810 3378 866 3429 358.
893 3379 964 3442 Quo,
982 3378 1036 3426 nasi
1050 3375 1156 3425 consilii>
1177 3374 1217 3422 es!
1235 3386 1283 3418 usa

203 3456 297 3525 some
308 3499 314 3519 ,
326 3456 431 3526 Regius.
767 3459 854 3525 puella
864 3458 927 3509 tuo?
939 3455 1010 3518 Qur'd
1017 3455 1071 3503 nisi
1078 3450 1176 3519 Regius
1187 3458 1214 3500 et
1226 3446 1282 3498 Ju-

246 3537 302 3590 360.
321 3538 421 3601 Tepido.
434 3533 545 3586 Variant
556 3530 668 3588 codices.
679 3548 724 3585 ne·
772 3534 875 3587 nimus.
888 3531 993 3586 Remed
1009 3530 1101 3582 Amor.
1113 3531 1158 3600 ⁵9¹
1173 3547 1180 3579 ς

214 3636 265 3685 que
280 3616 331 3670 ulla
348 3626 387 3668 est
398 3615 490 3669 lectio.
505 3631 562 3682 quae
574 3629 629 3664 uon
645 3608 725 3663 simi·
773 3619 836 3671 quit,
844 3619 882 3658 nist
892 3627 970 3656 meere
979 3617 1068 3653 tenerum
1079 3612 1170 3664 myrtit-
1177 3608 1249 3662 qtae?
1257 3611 1283 3648 n.

212 3693 279 3748 libus
294 3691 418 3748 illustrari
435 3691 521 3761 possit.
536 3691 631 3754 Cupido
643 3687 725 3739 Vati·
811 3694 868 3764 373,
889 3695 982 3746 Fulvus
1002 3708 1069 3756 aper.
1087 3690 1163 3740 Fulvi
1178 3681 1284 3754 proprie

215 3765 726 3838 ‘²¹1¹¹⁸·Vld·El>l⁵U¹2⁴l⁸·S⁰‘¹bS³F
775 3775 895 3834 Leone„
909 3789 989 3839 quare
1010 3769 1077 3820 sorte
1097 3763 1139 3816 hic
1158 3769 1263 3831 praestet
1275 3797 1283 3823 ,

214 3849 336 3902 favianus
353 3869 360 3901 ι
376 3849 408 3901 de
423 3867 475 3919 quo
484 3847 543 3900 vide
555 3846 567 3898 l
580 3846 672 3897 Amor.
686 3843 726 3896 El.
773 3847 1107 3918 1ms‚utapudpr0pert.
1119 3839 1155 3904 ll,
1167 3836 1205 3889 El.
1217 3851 1248 3898 11,
1261 3837 1286 3887 8.

215 3941 244 3977 nt
254 3963 262 3989 ,
272 3925 297 3977 fi.
316 3927 369 3978 Hic
379 3937 467 3979 tamen
478 3965 484 3990 ,
494 3925 555 3993 quia
567 3922 689 3992 praecedit
696 3941 728 3973 ne
780 3932 842 3983 Tam
849 3930 1006 3983 sevimim,
1017 3938 1120 3991 quoque
1129 3915 1194 3968 alter
1200 3914 1285 3966 vatic„

215 4006 273 4054 sola
280 4003 393 4066 jaceret.
414 4003 607 4072 praeferendum
627 4013 666 4054 est
683 4008 727 4052 !e-
807 4008 863 4077 374
881 4006 996 4072 Rupilias
1006 4004 1064 4052 dum
1073 4001 1141 4048 tola!
1147 4013 1190 4045 ore
1200 4011 1286 4046 canes.

211 4082 294 4150 pr'do‚·
313 4097 346 4130 ne
362 4079 454 4149 frigida
467 4091 522 4132 tora
534 4090 611 4132 nocte
624 4080 727 4146 jaceret.
775 4075 1074 4152 Rabidosltegiusetatii
1083 4072 1285 4138 coenantem

249 4155 305 4210 351.
322 4157 360 4210 Te
367 4159 435 4210 solas
442 4161 540 4213 abibas.
550 4158 629 4210 Forte
637 4196 645 4224 ,
653 4161 727 4210 dono
775 4165 861 4234 prima
872 4160 934 4216 edit.
945 4176 1018 4229 quur
1030 4154 1112 4211 etiam
1123 4152 1253 4207 meliores.
