2798 4702
211 331 277 418 ιιι
473 331 523 415 ι.
555 334 734 404 orion
762 335 996 406 uasoms

209 474 322 547 Prona
339 473 404 547 tibi
419 473 507 545 vinei
526 476 715 576 cupientem
732 478 861 552 vincere
878 477 986 577 palma
1005 497 1079 555 est:

260 591 313 664 Sit
327 590 450 678 modo,
466 610 540 665 NON
557 612 657 681 FEcl,
677 594 784 670 dicere
800 594 913 691 lingua
930 625 1068 673 memor.

211 708 327 804 Quum
346 706 409 780 tibi
427 707 601 802 contingat
617 710 728 784 verbis
746 739 901 813 superare
919 713 1076 804 duobns;

261 827 323 914 Et,
344 825 459 898 sinon
476 853 592 914 causa,
607 825 718 924 judice
736 828 830 902 vinee
849 845 918 902 tuo.
1253 856 1288 909 ιιι

245 1031 285 1102 49.
302 1032 513 1096 Verbrisuperare
522 1016 626 1083 duobui.
637 1032 726 1085 Prona
768 1033 842 1100 feci!
856 1053 914 1102 quae
927 1053 1010 1104 quum
1019 1035 1173 1105 protuleris,
1186 1037 1288 1093 victum

213 1105 261 1159 tibi
280 1105 425 1160 admodum
451 1119 478 1160 et
497 1108 576 1160 facilis
600 1108 725 1175 victoria,
775 1130 818 1164 me
837 1112 922 1167 libens
934 1125 961 1167 et
979 1113 1051 1167 ultro
1065 1115 1215 1184 profitebor.
1234 1119 1288 1173 Alii

215 1204 273 1254 qua
284 1196 338 1238 tota
347 1198 448 1240 constet
456 1187 541 1241 verbis
550 1187 667 1242 duobus:
676 1209 726 1242 nou
775 1209 849 1258 quum
857 1194 934 1255 bem
947 1191 994 1245 sed
1003 1203 1093 1246 nostra
1099 1194 1176 1247 lectio
1184 1194 1289 1249 melior.

573 1533 818 1618 ELEGIA
850 1536 942 1620 XV.

303 1918 388 1957 unsre
405 1916 475 1956 vair
495 1917 572 1957 meir
590 1908 818 1969 inserviemus,
838 1918 987 1958 curruum
1004 1908 1208 1962 severiorem*

224 2071 386 2198 QUAERE
403 2125 528 2170 novum
545 2115 668 2182 vatem,
684 2116 878 2173 tenerorum
893 2113 999 2170 mater
1014 2100 1196 2171 Amorum:

270 2212 414 2287 Raditur
428 2213 483 2287 hie
501 2212 614 2309 Elegis
630 2212 747 2287 ultima
764 2229 852 2286 meta
867 2210 967 2298 meis;

221 2334 318 2429 Quos
335 2358 398 2425 ego
415 2329 610 2430 composui,
627 2328 759 2426 Peligni
776 2329 863 2403 ruris
881 2326 1057 2401 alumnus:

269 2450 338 2521 Nec
354 2477 406 2521 me
425 2446 548 2521 deliciae
562 2446 741 2522 dedecuere
758 2474 847 2519 meae.

223 2565 261 2636 Si
279 2563 360 2664 quid
376 2562 411 2635 id
427 2580 493 2649 est,
512 2590 617 2663 nsque
635 2590 652 2635 a
670 2562 803 2662 proavis
820 2579 915 2636 vetus
933 2559 1062 2659 ordinie
1076 2557 1189 2646 heres,
1278 2584 1294 2632 s·

258 2779 446 2848 *Quanquam
463 2779 490 2830 in
509 2779 617 2847 hujusce
633 2781 735 2849 generis
818 2802 841 2833 ι.
856 2782 1032 2832 ΙΙΙΙὴιιαιιιιΙα.
1044 2777 1294 2832 ldestultimuster·

224 2859 342 2913 carmine
358 2857 453 2910 seriem
465 2856 532 2910 hanc
545 2867 573 2909 et
583 2857 735 2924 juncturam
784 2857 885 2918 minus3
897 2864 1002 2926 sumpta
1011 2856 1084 2908 enim
1094 2866 1133 2909 est
1139 2855 1293 2926 metaphora

224 2957 281 2992 non
297 2935 447 2999 desideres,
472 2954 531 3003 quae
550 2935 633 2987 varias
650 2936 736 3004 operia
784 2935 816 2986 ab
829 2933 932 3003 aurigis.
953 2934 1009 2986 Pro
1021 2940 1102 2994 mela,
1124 2932 1293 3002 quidamco-

226 3016 335 3085 majoris
354 3026 439 3086 partes
459 3014 495 3068 ita
510 3015 580 3067 inter
594 3033 623 3066 se
640 3033 737 3067 conso-
785 3011 915 3066 direstam
922 3012 1293 3082 scriptiquamediti,charla:

226 3098 312 3162 ciant,
325 3108 355 3150 ut
366 3116 440 3148 unum
451 3092 513 3148 inde
526 3113 620 3163 corpus
632 3093 735 3148 efficia·
784 3090 899 3158 optimus
912 3090 1061 3157 Palatinus,
1073 3096 1140 3144 uota.
1153 3089 1293 3143 Mentelia·

227 3187 280 3241 tur,
289 3194 344 3228 non
352 3186 377 3228 te
385 3175 464 3228 lateat
471 3184 561 3227 tamen
568 3172 644 3240 ordo,
656 3192 736 3242 quem
783 3187 851 3235 nus,
866 3189 934 3222 cura.
947 3168 991 3221 Ad
1006 3168 1198 3241 Symmachum
1212 3170 1296 3222 Jure-

225 3252 269 3309 lric
279 3252 439 3306 servandum
453 3251 565 3305 Ovidius
579 3252 626 3305 sibi
637 3269 735 3322 propo·
784 3255 840 3312 tus,
854 3252 922 3299 creta
933 3246 1075 3317 legendum
1084 3246 1229 3300 contendit
1240 3245 1296 3300 Sed

225 3331 738 3400 auit.0misaiaprimumargumentiase·
784 3343 930 3394 perperam.
948 3327 1047 3378 Radere
1064 3333 1154 3380 melam
1168 3324 1230 3395 quid
1244 3325 1294 3389 sit,

225 3411 386 3477 verioribus,
399 3422 485 3464 totum
497 3430 524 3464 se
542 3411 650 3464 tradidit
663 3429 736 3463 ama·
784 3414 894 3457 nonest
912 3415 942 3457 ut
959 3405 1047 3458 multis
1066 3406 1200 3475 explicem.
1223 3404 1296 3458 Nihil

226 3493 317 3558 toriia,
329 3491 423 3560 quibus
431 3501 568 3560 postquam
578 3491 604 3542 in
616 3490 702 3559 primo
710 3501 737 3544 et
785 3483 869 3554 aptius
877 3495 921 3537 aut
931 3484 1074 3554 elegantius
1085 3484 1136 3538 dici
1144 3485 1236 3555 potuit.
1250 3486 1296 3536 Te

227 3569 345 3624 necundo
358 3569 425 3622 libro
436 3569 497 3623 satia
509 3586 640 3638 superque
653 3568 737 3621 indul·
784 3583 837 3616 rere
847 3570 937 3615 melam
950 3563 978 3615 id
990 3564 1076 3634 ipsum
1091 3564 1151 3618 alibi
1164 3575 1255 3629 vocat,
1268 3572 1295 3615 et

224 3648 308 3710 serit,
325 3648 429 3713 innuit,
451 3647 561 3701 ineunte
584 3646 681 3713 tertio,
704 3645 737 3700 ad
784 3649 910 3711 stringere.

226 3725 358 3778 severiora
375 3744 402 3778 se
419 3743 480 3778 mox
505 3742 689 3789 reversurum,
710 3734 738 3777 et
818 3725 842 3790 4,
855 3725 998 3777 Dedecnere
1011 3743 1077 3776 mee.
1092 3723 1203 3783 Malim,
1225 3726 1293 3781 luae,

221 3807 342 3868 exi'pum
353 3803 402 3857 sibi
418 3810 513 3870 tempus
525 3801 651 3857 concedat
663 3801 738 3854 Tra·-
785 3820 846 3854 cum
859 3818 913 3852 uno
927 3799 1026 3853 Moreti
1039 3819 1045 3851 :
1057 3817 1119 3851 nam
1129 3801 1191 3849 meis
1200 3796 1248 3848 sub
1260 3795 1294 3847 si-

225 3877 311 3947 goedia
320 3919 327 3945 ,
336 3880 455 3949 postulat.
466 3880 518 3933 Hic
529 3880 637 3934 tandem
650 3879 738 3949 Elegia
785 3897 849 3931 nem
861 3878 971 3947 proximi
983 3874 1140 3947 pentametri
1152 3874 1207 3941 iam
1226 3892 1294 3942 prte-

227 3953 311 4023 finem
325 3956 453 4025 imponit,
470 3962 608 4024 grandus,
636 3957 737 4028 quoda
785 3953 1296 4023 cesserat.llrms.Neqmtiaeerian1olim
1334 3974 1337 3980 ’

226 4044 302 4102 tergo
309 4036 425 4104 urgebat,
435 4056 504 4102 opus,
514 4037 681 4109 Tragoediam
687 4038 738 4092 sei-
786 4039 929 4101 maluerat;
941 4038 987 4091 sed
999 4040 1094 4090 delicio
1104 4034 1145 4088 hic
1156 4033 1228 4087 idem
1240 4035 1294 4087 sert·

225 4108 304 4177 lieet,
324 4112 489 4181 repetiturus.
786 4125 894 4183 notant,
906 4126 935 4169 ut
946 4115 1002 4168 Art.
1016 4113 1101 4166 Amat.
1116 4128 1166 4177 ιιι,
1180 4112 1237 4186 649,
