2798 4702
176 346 238 410 mti
441 344 480 409 Ρ.
512 343 694 411 OVIDII
725 341 952 410 NASONIS

215 480 326 575 Digna
342 497 409 569 est,
430 509 528 581 qnam
542 481 658 579 jubeas
674 481 820 554 muneris
838 509 908 555 esse
926 484 986 555 tui.

166 600 241 698 lpse
256 624 320 691 ego
337 613 411 670 tura
428 596 516 671 dabo
530 596 670 670 fumosis
688 595 847 670 candidus
864 597 951 682 aris;

152 788 157 797 ,
213 713 289 811 lpse
306 710 408 784 seram
425 728 500 784 ante
516 727 595 784 tuos
611 738 748 786 munera
763 728 840 784 vota
857 710 981 811 pedes:

163 826 326 925 Adjieiam
344 825 501 900 titulum:
518 828 653 902 Servata
669 830 762 902 Naso
779 827 937 902 Corinna.

211 943 266 1014 Tu
283 941 385 1015 modo
401 942 452 1015 sac
469 941 567 1016 titulo
584 944 842 1045 muneribusque
859 943 980 1018 locum.

164 1060 200 1133 Si
218 1077 328 1134 tamen
344 1060 380 1132 in
400 1077 495 1133 tanto
512 1060 561 1134 sas
577 1079 627 1135 est
643 1062 812 1136 monuisse
830 1062 965 1149 timore,

211 1175 284 1248 Hac
302 1173 365 1248 tibi
383 1173 428 1246 sit
443 1201 557 1274 pugna
574 1175 762 1250 dimicuisse
780 1175 870 1250 satis.

163 1369 253 1441 thyio)
266 1388 281 1421 a
292 1366 390 1439 Sibylla
402 1367 553 1434 injunctum
565 1368 615 1421 luit
625 1389 673 1422 sa·
721 1372 810 1438 gnita,
832 1382 968 1441 acceptum
985 1389 1100 1436 munus,
1118 1380 1145 1424 et
1157 1372 1229 1425 acei-

163 1444 672 1515 crificium,annosaeculari.Pluresquo-
720 1450 815 1518 pientis
831 1449 1020 1518 gratitudinem
1031 1449 1229 1519 inperpetuum

163 1523 671 1598 queIlithyiaa‘eaeeaiontHomer.lliad.
720 1527 895 1580 testabuntur.

163 1619 203 1671 A,
217 1621 283 1675 ²7⁰3
297 1612 325 1655 et
334 1601 466 1655 Pburnut.
477 1603 517 1668 34.
752 1625 791 1671 ²7·
810 1606 841 1656 Si
848 1612 932 1656 lamen
943 1608 971 1655 air
986 1611 1058 1656 tanto
1074 1613 1123 1657 etc.
1146 1602 1228 1657 Con-

196 1678 668 1749 anDr'gnaestetoCorinnaecilicet,
719 1700 794 1733 verso
803 1680 836 1733 ad
845 1681 927 1751 ipsam
938 1680 1227 1747 Corinnameermone,

160 1759 312 1821 miserem
326 1775 385 1828 qnae
396 1758 444 1811 tibi
455 1759 515 1812 ritae
526 1777 623 1812 munus
632 1777 670 1812 ac·
719 1759 795 1811 timet
803 1778 851 1824 ne,
865 1760 886 1811 si
896 1758 930 1811 de
941 1759 1057 1827 periculo
1066 1760 1094 1812 in
1107 1759 1177 1829 quod
1189 1760 1227 1811 in·

161 1846 268 1906 ceptum
280 1838 383 1889 referat.
719 1835 834 1901 ciderat,
859 1845 980 1888 moneret
1004 1838 1123 1905 marius,
1143 1837 1227 1904 majus

194 1913 234 1967 25.
248 1916 287 1966 Tu
293 1914 421 1982 nodosae
430 1917 504 1967 11⁸!an
515 1923 563 1968 etc
575 1912 670 1966 serves
719 1913 881 1983 ingravescat
894 1913 1053 1983 periculum3
1065 1916 1121 1969 vult
1137 1927 1225 1969 tamen

161 1993 283 2060 amicam,
292 2003 322 2045 ut
332 1992 397 2045 mihi
406 1993 439 2045 eit
450 1992 520 2045 locus
529 1991 600 2043 dona
608 2001 670 2044 ante
719 2010 763 2057 ne,
777 1991 848 2060 quod
859 1991 901 2045 illa
910 1991 990 2045 semel
999 1993 1119 2059 tentavit,
1129 1995 1226 2047 iterum

161 2069 241 2141 pedes
257 2070 416 2139 deserendi,
438 2089 496 2140 quae
513 2070 589 2123 titulo
601 2070 670 2124 inei·
719 2069 781 2121 velit
794 2078 902 2122 tentare.

158 2254 1227 2287 Q

508 2418 894 2504 ELEGIAJXIV.

217 2786 253 2824 ΑΒ
271 2784 420 2824 commitam
433 2789 439 2822 :
452 2783 661 2823 amandetur!
678 2785 864 2823 ottavrnanzm
882 2784 930 2820 tent
948 2783 1028 2834 QUAM
1045 2784 1176 2821 Peranna

445 2883 647 2933 renatum,
666 2885 785 2922 zxrontr
805 2884 942 2922 tlnzttws·

164 3040 302 3167 QUID
317 3070 409 3169 juvat
424 3068 586 3141 immunes
603 3065 683 3140 belli
702 3092 827 3138 cessare
845 3064 995 3165 puellas,

207 3189 276 3262 Nee
293 3187 361 3261 sera
376 3185 516 3288 peltatas
534 3185 665 3282 agmina
678 3180 760 3257 velle
778 3181 871 3282 sequi
884 3211 892 3269 ;

157 3302 196 3375 Si
213 3305 283 3377 sine
303 3305 411 3376 Marte
426 3303 495 3375 suis
513 3302 686 3403 patiuntur
703 3297 838 3372 vulnera
855 3297 948 3385 telis,

207 3421 254 3493 Et
272 3447 372 3493 eaeeas
390 3435 518 3492 armant
535 3419 570 3490 in
587 3446 647 3491 sua
662 3415 730 3490 lata
746 3416 885 3489 manus?

193 3634 216 3667 2.
225 3617 278 3668 Nec
282 3614 344 3682 fita
350 3617 464 3681 peltatas
471 3623 520 3668 etc.
527 3612 601 3667 Pelta
612 3623 668 3667 erat
716 3627 776 3667 Ducti
784 3624 928 3666 Amazonidum
937 3625 1011 3665 mmm
1019 3625 1096 3675 ιςωῑυ
1104 3622 1165 3675 paon

157 3702 262 3747 acutum
274 3711 384 3762 parrum
399 3701 425 3744 et
440 3691 511 3756 leve,
522 3702 600 3746 cetrae
615 3691 668 3744 ad·
716 3699 837 3737 Penthesilea
852 3698 920 3737 suren·
931 3706 970 3737 ote.

159 3769 272 3823 modum
284 3771 375 3824 simile.
393 3770 445 3824 Tit.
458 3771 512 3823 Liv.
523 3788 605 3837 xxxa,
619 3771 669 3823 36:
718 3772 823 3825 Harum
835 3772 964 3842 originem
981 3772 1061 3824 refert
1074 3769 1176 3837 Nepos,
1191 3770 1223 3822 ad

161 3868 175 3894 α
188 3848 272 3902 Nocte
281 3856 398 3913 cetratos,
411 3848 481 3917 quod
487 3853 614 3916 peltastas
621 3865 669 3899 vo-
719 3850 877 3919 Iphicratem
887 3849 1090 3903 Atheniensem:
1100 3869 1112 3889 a
1123 3846 1224 3913 lllepel·

159 3935 230 3990 cant,
239 3924 297 3979 loco
309 3939 459 3996 opportuno
468 3928 538 3981 inter
548 3929 609 3980 bina
617 3946 668 3981 cae·
717 3935 769 3982 lam
782 3949 830 3999 pro
849 3946 940 3998 parma
951 3927 1025 3991 lecit,
1043 3944 1057 3976 a
1070 3943 1123 3993 qno
1135 3936 1224 3993 postea

160 4016 201 4059 tra
212 4006 240 4058 in
252 4005 350 4060 insidiis
371 4007 514 4062 abdiderat.
528 4030 542 4054 w
564 4008 668 4061 Lunam
712 4012 829 4074 peltastae
839 4005 938 4076 pedites
950 4003 1121 4073 adpellantnr.
1134 4026 1147 4049 a

161 4083 332 4153 semiplenam
340 4086 477 4139 referebat.
485 4087 558 4156 Virg.
567 4104 591 4154 1,
606 4089 667 4159 4941
750 4089 869 4151 tcecas
877 4103 973 4138 mnus.
987 4085 1106 4152 Ignaros,
1116 4086 1221 4156 impru-
