2798 4702
234 330 296 423 176
500 332 539 395 r.
572 298 1037 403 otrurrnnsours'

224 469 363 553 Pectora
377 464 466 569 qnod
483 483 593 540 rostro
611 466 726 541 comix'
742 465 892 543 fodiebat
908 488 1024 558 acuto,

222 580 227 587 ’
273 583 448 679 Ingenium
464 580 605 656 domina
621 581 696 657 lena
712 583 859 657 movebit
873 612 966 659 anus.
1253 612 1287 679 40
1316 658 1319 663 .

224 699 327 799 Quod
345 715 495 773 cunctata
512 696 569 772 din
584 715 714 772 taurum
732 725 791 772 sua
807 726 903 774 vacca
919 698 1074 802 reliquit,

272 813 428 909 Frigidus
443 812 479 885 in
495 811 596 885 viduo
614 811 790 887 destituere
810 831 895 888 toro.

224 931 339 1016 Livor,
355 947 389 1002 et
402 928 539 1002 adverso
556 927 691 1001 macula
707 929 772 1003 sub
789 947 923 1031 pectore
940 933 1060 1028 nigre,

138 1125 142 1134 ,
272 1047 392 1121 Pectus
407 1044 559 1119 adulterii
572 1043 646 1118 labe
664 1072 773 1120 carere
790 1065 923 1144 negant.

225 1161 362 1235 Dixerat
377 1161 558 1261 interpres:
574 1159 683 1256 gelido
701 1161 785 1235 mihi
802 1163 937 1259 sangnis
955 1164 1068 1239 abore
1253 1187 1288 1254 45

272 1277 389 1372 Fugit3
403 1293 437 1351 et
451 1295 526 1351 ante
543 1276 658 1352 oculos
675 1306 742 1352 nox
757 1280 850 1354 stetit
866 1279 931 1355 alto
946 1307 1047 1355 meos.

225 1495 340 1562 Pierius,
353 1493 494 1564 legendum
506 1503 631 1560 excussit,
645 1507 672 1550 et
682 1515 732 1566 pro
779 1499 892 1568 gandam
913 1519 929 1553 a
952 1499 1044 1554 ceteris
1067 1505 1242 1563 censuerant,
1258 1506 1287 1553 et

226 1578 320 1636 sunau,
333 1576 408 1627 silici·
421 1571 519 1625 ΒΜ·
781 1586 864 1646 poetae
883 1577 1090 1647 ingeniosissimo
1102 1577 1144 1629 vix
1162 1575 1287 1629 tribuen-

258 1652 298 1716 do.
313 1653 441 1715 Ingentum
448 1650 733 1702 domairoelenanrorebt'l
779 1652 841 1705 dam
855 1673 861 1705 ε
875 1673 940 1722 quos
951 1665 982 1708 ut
998 1673 1123 1724 sequerer
1138 1652 1288 1723 impellebat

225 1746 297 1779 anu.
309 1725 353 1779 Sic
364 1726 391 1777 in
405 1744 458 1778 uuo
471 1725 672 1778 Maiieian.leua
681 1745 731 1779 uro·
779 1744 836 1781 non
848 1729 1033 1799 mediocriter,
1046 1732 1117 1801 ipsa,
1130 1750 1181 1801 qua
1197 1730 1286 1783 inter-

225 1808 304 1858 uetat.
317 1803 349 1856 ln
361 1802 458 1869 aitero,
469 1806 566 1872 pefida
574 1808 731 1856 martianus.
779 1817 883 1870 protem
890 1825 967 1860 suum
975 1807 1087 1862 Ovidius
1096 1809 1235 1866 admiratio
1243 1805 1287 1859 de·

224 1883 258 1936 In
267 1880 731 1950 vatican-prouarrorebat.-Scribe
777 1877 866 1931 vinxit.
875 1876 950 1946 Quid
960 1878 1032 1930 enim
1041 1879 1083 1932 hie
1091 1879 1284 1949 deprehendas,

224 1978 286 2014 cunt
297 1958 456 2024 melioribus,
469 1959 594 2028 septima
605 1958 729 2020 editione,
779 1954 849 2024 quod
862 1956 995 2009 Nasonem
1013 1957 1126 2025 arguat?
1145 1958 1199 2013 Res
1215 1958 1284 2029 ipsa,

225 2042 284 2092 Iera
292 2057 376 2092 snus:
393 2047 495 2108 septem
506 2037 732 2105 nlii‚prona.Mo-
778 2033 884 2103 propius
901 2032 923 2085 si
942 2033 1116 2101 spectaveris,
1137 2037 1286 2090 communis

225 2123 291 2172 sebit
304 2119 384 2172 etiam
398 2119 492 2172 rectius
508 2127 621 2186 quatuor
635 2115 731 2184 scripti.
779 2121 832 2172 est,
845 2120 873 2164 et
883 2110 972 2163 nescio
984 2107 1045 2178 quid
1061 2109 1138 2162 habet
1150 2115 1286 2166 rusticita-

225 2191 732 2249 Hnus.—Hosebit1mmotumadhuc
779 2188 827 2254 tis,
840 2187 872 2240 ab
881 2187 1027 2240 urbanitate
1036 2184 1166 2240 Ovidiana
1178 2208 1287 2257 prorsus

224 2270 264 2323 tui
282 2288 401 2322 amorem
417 2268 542 2338 paulatim
560 2271 680 2331 moreh't,
698 2267 732 2320 ad
780 2264 902 2318 alierum
923 2263 992 2332 Quis
1011 2264 1147 2317 enimvero
1168 2266 1287 2335 scripto-

225 2347 305 2401 aiium
317 2356 461 2400 amatorem
475 2344 636 2399 distractum.
779 2362 837 2396 rem
852 2342 1063 2396 delicatissimum
1079 2342 1168 2397 suteris
1180 2341 1288 2421 Corin·-

257 2430 298 2495 45.
323 2427 414 2479 Gelido
430 2427 495 2479 mr'di
512 2429 618 2495 sapis
637 2427 671 2477 ab
690 2443 731 2477 ore
779 2439 843 2475 narn
854 2421 993 2488 suam,vel
1003 2420 1146 2490 quamlibet
1158 2421 1285 2491 amicam,

225 2506 307 2573 tuga.
321 2504 354 2558 ln
364 2522 419 2557 uno
431 2501 681 2570 manuspretiis.
778 2519 840 2554 euru
852 2520 947 2561 vacca,
961 2510 989 2554 et
1003 2501 1089 2569 ipsum
1101 2520 1127 2553 se
1140 2520 1201 2555 cnm
1212 2508 1287 2556 tasso

258 2583 298 2650 46.
317 2585 355 2635 Et
363 2589 423 2635 ante
437 2583 523 2634 oculos
531 2599 583 2633 sos
595 2586 666 2633 stetit
676 2583 732 2632 alla
777 2578 999 2648 comparantem?
1013 2579 1068 2632 Nec
1079 2579 1212 2648 ingeniosa
1222 2598 1286 2634 uts-

225 2680 300 2714 meos.
319 2662 352 2713 ln
359 2660 453 2714 eodem
462 2661 505 2714 tib.
513 2667 571 2713 atra
577 2679 652 2713 meos.
669 2661 731 2713 Per·
779 2660 831 2730 gis,
842 2678 902 2730 qun
914 2657 958 2712 tali
970 2678 985 2712 e
1001 2658 1074 2712 sonte
1087 2657 1213 2712 effluunt:
1227 2678 1285 2729 qun

226 2748 306 2807 petuo
322 2738 419 2791 librarii
434 2745 515 2790 atram
537 2748 661 2806 noctem,
681 2756 730 2807 pro
778 2739 799 2792 si
817 2739 905 2803 Naso,
926 2737 1014 2791 invitis
1043 2747 1114 2791 certe
1143 2738 1284 2795 veneritne

226 2820 297 2882 alta,
308 2833 457 2885 reposuere.
470 2813 551 2869 Cror.
777 2814 1117 2883 cupidinibnsque,scripsit.
1124 2814 1212 2869 Habet
1219 2815 1283 2884 qui-

779 2891 841 2944 dem
853 2890 952 2963 stylus,
966 2892 1036 2946 unde
1049 2895 1133 2964 ipsum
1146 2913 1282 2964 agnoscas:

777 2967 823 3021 sed
838 2979 923 3021 toturn
936 2988 1000 3038 opus
1012 2990 1103 3025 rerum
1115 2973 1206 3042 inops,
1219 2983 1281 3038 aut,

259 3049 321 3107 Non
329 3068 447 3120 possum,
456 3048 568 3119 perlecta
574 3047 623 3101 hae
630 3045 730 3117 Elegia,
778 3044 849 3113 quod
864 3047 938 3115 pejus
954 3057 1009 3115 est,
1022 3050 1158 3105 abundans
1173 3050 1279 3116 vitiose,

226 3129 290 3198 quin
299 3128 348 3184 iliis
359 3139 429 3185 totus
437 3127 578 3193 adsentiar,
588 3125 633 3196 qui
642 3143 732 3195 segre-
777 3142 858 3176 nemo
869 3143 925 3178 non
937 3125 1068 3195 judicabit.

414 2950 549 2970 1*-
