2798 4702
190 360 249 427 162
459 357 499 423 P.
531 357 710 425 0v1u11
733 344 959 427 NASONIS

225 495 282 570 Nil
299 493 383 569 mihi
400 523 475 568 eum
491 493 632 595 pelago:
649 524 700 569 mc
716 524 788 570 mea
804 513 889 570 terra
902 497 999 597 capit.

179 611 304 687 Plaude
322 627 398 697 tuo,
411 607 522 697 miles,
537 611 655 697 Marti;
670 611 881 694 nosodimus
898 640 986 685 arma
1002 641 1010 684 :

226 729 296 801 Pax
309 726 415 824 juvat,
430 741 464 799 et
480 724 585 798 media
603 742 682 826 pace
700 744 851 828 repertus
869 727 983 799 Amor.

175 839 373 936 Auguribus
391 837 559 925 Pboebus,
574 839 700 913 Phoebe
717 840 919 914 venantibus
937 841 1043 914 adsit:

226 954 379 1031 Artifices
396 954 431 1026 in
446 971 477 1027 te
494 971 602 1041 verte,
616 956 785 1043 Minerva,
799 985 926 1029 manus.

179 1069 345 1148 Ruricolae
362 1070 489 1156 Cereri,
504 1087 686 1170 teneroque
703 1070 870 1167 adsurgite
887 1072 1041 1146 Baccho:

225 1185 396 1262 Pollucem
412 1183 559 1286 pugiles,
577 1186 715 1259 Castora
732 1184 841 1286 placet
856 1189 967 1286 eques.

178 1305 251 1377 Nos
266 1301 349 1389 tibi,
364 1299 488 1375 blanda
503 1302 636 1390 Venus,
650 1303 828 1402 puerisque
846 1301 1041 1402 potentibus
1058 1328 1134 1375 arcu
1211 1324 1244 1376 55

227 1417 439 1492 Plaudimus:
453 1410 593 1515 inceptis
610 1415 736 1503 adnue,
751 1416 855 1504 Diva,
871 1418 952 1490 meis
970 1446 977 1503 ;

185 1536 304 1632 Daque
320 1557 441 1603 novam
456 1546 599 1603 mentem
616 1529 772 1616 domina,
786 1531 931 1630 patiatur
944 1531 1054 1604 amari.

227 1645 374 1730 Adnuit,
388 1659 422 1715 et
437 1659 531 1714 motu
549 1643 643 1736 signa
661 1643 804 1716 secunda
821 1644 922 1717 dedit.

181 1759 284 1858 Quod
297 1760 368 1831 Dea
383 1757 555 1857 promisit,
569 1757 744 1854 promittas
761 1757 832 1857 ipsa
845 1786 1012 1852 rogamus.

230 1874 315 1947 Pace
332 1870 451 1972 loquar
466 1873 620 1959 Veneris3
642 1890 679 1945 tu
692 1874 763 1945 Dea
778 1857 883 1970 major
894 1873 968 1945 eris.

182 1991 248 2062 Per
263 1989 325 2063 tibi
343 2005 394 2061 tot
406 1988 487 2086 juro·
499 2004 617 2075 testes,
631 2016 853 2089 pompamque
872 1990 1036 2082 Deorum,

229 2106 278 2178 Te
294 2105 461 2178 dominam
478 2105 577 2177 nobis
593 2120 723 2205 tempus
739 2104 774 2177 in
793 2132 889 2177 omne
905 2104 985 2176 fore.

181 2220 248 2295 Sed
266 2219 412 2321 pendent
427 2220 489 2292 tibi
508 2248 620 2292 crura:
635 2237 751 2320 potes,
765 2220 794 2292 si
807 2219 893 2292 forte
909 2219 1054 2317 juvabit,

218 2445 258 2496 52.
284 2441 409 2510 Artifices.
437 2441 567 2510 lamficas
588 2438 691 2493 uolebat
775 2443 815 2511 57.
825 2442 916 2509 Daque
925 2459 1013 2494 novam
1021 2447 1124 2494 mentem
1133 2445 1248 2497 domin.

186 2517 312 2572 Francius
320 2531 363 2570 tex
369 2517 412 2570 lib.
421 2532 432 2569 1
441 2516 533 2568 Amor.
539 2516 612 2584 Eleg.
621 2532 689 2582 1111,
739 2518 845 2571 Rectius
856 2518 883 2571 in
897 2518 978 2571 Ms's.
990 2517 1120 2572 codicibus
1130 2518 1226 2589 legitur
1240 2561 1259 2588 ‚.

185 2599 232 2664 243
242 2595 287 2649 sed
296 2614 352 2648 non
359 2595 418 2648 solis
426 2593 514 2648 lenam
521 2593 689 2659 sacientssrus,
738 2613 822 2657 nore,
836 2593 924 2662 idest,
936 2595 978 2647 cui
987 2595 1138 2664 nuperrime
1147 2596 1243 2649 servire

184 2672 230 2728 sed
241 2674 362 2747 omniupn
371 2673 467 2726 artium
478 2672 598 2726 studiosis
611 2690 690 2740 proee·
740 2669 812 2739 coepi.
825 2669 893 2722 lllud
902 2679 932 2723 u!
942 2671 1021 2724 etiam
1033 2682 1072 2724 est
1081 2671 1108 2723 in
1120 2671 1201 2724 MSS.
1213 2671 1245 2725 li-

184 2760 242 2816 rat,
262 2752 321 2802 Dea
331 2753 399 2801 me'lle
414 2768 529 2814 operum,
550 2758 579 2801 ut
595 2749 691 2800 Nostro
740 2757 781 2800 cet
799 2749 917 2818 impressi
933 2749 1034 2803 codices
1049 2769 1105 2803 non
1123 2750 1246 2804 habeant.

185 2827 229 2881 lib.
239 2843 290 2894 111,
301 2827 369 2879 Fast.
378 2825 426 2878 833
435 2864 443 2891 ,
452 2826 547 2878 dicitur
556 2846 562 2887 3
572 2844 622 2878 nec
630 2825 691 2878 solue
740 2825 839 2894 Magna
848 2826 927 2877 etiam
939 2845 997 2894 pars
1008 2826 1142 2893 codicum,
1156 2830 1245 2880 noram

186 2906 295 2961 lanificte
309 2904 459 2975 spectabant
472 2901 626 2968 Circenses,
644 2903 691 2955 sed
739 2909 842 2954 mentm
851 2917 859 2948 ·'
872 2921 959 2955 novam
971 2907 1076 2957 dome'nae
1086 2913 1190 2959 mentem
1201 2926 1246 2960 ex-

187 2984 252 3037 rarii
262 2981 389 3047 artifices,
403 2981 448 3049 qui
459 2999 552 3032 omnes
561 2979 690 3032 Minerva
738 2989 827 3047 eerpta
847 2978 953 3032 Douzae.
974 2981 1006 3033 ln
1031 2983 1151 3037 Francos.
1168 2994 1244 3048 erat,

187 3062 311 3132 plaudere
322 3060 457 3130 jubentur.
469 3060 566 3114 Bonus.
741 3056 831 3122 Daque
836 3060 1026 3110 meamdomr‘uae
1032 3066 1135 3112 mentem
1142 3081 1149 3112 .·
1157 3071 1243 3123 aeute;

221 3141 260 3194 53.
277 3143 423 3208 Persemque.
431 3138 556 3192 Francius
564 3135 690 3201 malebat,
739 3144 849 3204 utaequa
860 3137 907 3205 ipsi
920 3137 952 3190 sit
961 3157 1019 3206 pars
1029 3141 1125 3194 amoris
1132 3160 1244 3203 meeum.

183 3220 328 3286 plenoque:
346 3216 391 3270 sed
409 3226 531 3270 tenerum
548 3226 574 3269 et
590 3217 691 3267 sormo—
771 3213 812 3265 bo.
828 3215 896 3266 Pace
913 3220 1002 3284 loquar
1021 3221 1129 3271 Veneris.
1147 3220 1190 3274 Sic
1202 3239 1244 3272 ve-

187 3298 262 3359 su'rn,
275 3313 329 3347 uon
340 3294 515 3347 ventricosum
525 3294 601 3346 fuisse
613 3303 639 3345 et
649 3290 691 3344 de·
740 3291 877 3345 tustiores:
892 3303 921 3345 ut
935 3293 1015 3363 Epist.
1029 3312 1115 3362 ιιιιιιι,
1130 3317 1154 3348 v.
1167 3297 1214 3351 ὅθι

80 3400 87 3413 ·
189 3374 302 3426 formem
320 3370 453 3424 Bacchum
471 3370 559 3423 docuit
574 3368 691 3422 Broukh.
759 3374 1016 3427 Vrutoqutliecutqum
1025 3380 1243 3430 sequonipnnenn.

188 3448 220 3503 ad
233 3448 320 3502 Tibul.
332 3464 372 3513 ιι,
395 3464 442 3514 ιιι,
456 3448 489 3499 30
501 3466 507 3500 ι
525 3447 568 3500 ubi
584 3457 611 3498 et
625 3453 693 3499 tener
739 3446 834 3499 Malim
847 3448 941 3514 etiarn,
955 3451 1038 3518 nrajor
1047 3471 1110 3504 eras.
1124 3454 1224 3507 Hutus.

189 3525 291 3580 dicitur.
305 3526 387 3578 lum
773 3524 812 3577 br.
834 3529 884 3578 Per
896 3531 995 3579 tibitot
1003 3530 1063 3598 juro
1080 3538 1163 3583 testes.
1182 3533 1245 3582 Juro

215 3601 690 3671 sumensqueporentuasamu.Forte
738 3602 798 3659 tati.
807 3601 946 3670 eleganter.
955 3605 1047 3659 Siclib.
1056 3608 1172 3671 usar.
1180 3607 1243 3671 841:

187 3680 280 3733 mellus
292 3690 358 3733 esset
370 3719 377 3746 ,
390 3682 534 3745 potentibus
551 3691 644 3730 arm:
662 3689 691 3731 ut
738 3684 1242 3740 Portibiegotumcjumtbrremmrumqueeroonm.

186 3759 223 3810 ita
233 3758 325 3826 passim
335 3758 399 3811 Dete
410 3757 506 3825 Diique
513 3763 627 3823 polentes
636 3755 692 3808 illa·
740 3756 908 3826 Propertius,
922 3776 958 3826 ιι,
973 3761 1044 3831 Eleg.
1056 3777 1119 3825 xvr,
1132 3779 1155 3811 v.
1171 3763 1199 3811 15
1214 3778 1220 3809 τ

77 3849 83 3861 ·
188 3853 250 3887 rum
261 3854 366 3900 rerum,
380 3837 473 3904 quibus
485 3834 571 3887 valent
581 3846 606 3887 et
619 3852 692 3904 prae-
739 3841 789 3880 One
797 3843 831 3880 rib·
839 3845 885 3894 juro
892 3846 1012 3895 perinanis,
1021 3853 1088 3881 eroon
1095 3845 1187 3892 patenum

187 3921 263 3969 sunt,
277 3911 407 3965 dicuntur.
421 3913 459 3964 lta
472 3912 530 3964 diva
537 3913 693 3979 potenssru-
772 3915 811 3968 δι.
834 3920 870 3969 Te
879 3921 1004 3969 dommum
1020 3919 1091 3967 nobis
1107 3921 1202 3983 tempus
1215 3926 1242 3971 ia

185 4007 252 4058 gum,
262 3987 307 4038 inf.
317 3988 389 4057 Eleg.
399 4007 425 4054 x,
435 3990 474 4041 35.
483 3990 575 4042 Horat.
584 4006 628 4055 ιιι,
639 3988 692 4044 Od.
740 3994 875 4060 omnesore.
885 3995 913 4046 ln
923 3994 964 4046 lib.
972 3993 1013 4045 De
1022 3993 1108 4044 Ponto
1117 4009 1156 4059 ιν,
1164 3998 1189 4060 5,
1199 3999 1243 4063 4⁰:

188 4065 594 4134 aitNamdumpolenmtpassim
600 4078 690 4135 poete.
764 4077 788 4113 εν
798 4075 838 4113 sore
845 4076 963 4125 nrmeipium
973 4082 1048 4122 ampo·
1057 4074 1076 4111 t„
1085 4086 1140 4113 aa„
1149 4077 1192 4114 nst.
