2798 4702
162 371 227 456 448
433 377 473 441 P.
508 376 686 447 0v1u11
718 379 944 452 NASONIS

158 516 219 602 Et,
237 540 310 614 quae
324 514 432 614 prima
449 517 573 592 cadunt
589 519 692 594 vivaci
711 549 836 595 cornua
852 551 969 611 cervo,

207 637 374 712 Contere:
391 637 426 712 in
439 639 509 714 haec
526 640 625 715 solidi
643 659 735 716 serta
750 643 820 720 sace
838 645 921 718 assis
938 663 1000 719 eat.
1197 672 1232 722 oo

157 760 298 862 Jamque
313 762 374 835 ubi
389 761 550 863 pulvereae
568 765 693 839 fuerint
710 766 849 840 confusa
865 749 995 856 farine,

206 885 366 960 Protinus
382 886 416 959 in
434 887 554 961 cribris
572 890 683 962 omnia
701 919 797 965 cerne
815 891 913 964 cavis.

158 1008 274 1109 Adjice
290 1010 435 1083 Narcissi
453 1010 506 1085 bis
525 1039 581 1085 sex
599 1012 670 1086 sine
689 1012 811 1087 cortice
829 1012 973 1101 bulbos,

208 1132 348 1206 Strenua
367 1162 453 1234 quos
470 1162 557 1234 puro
573 1162 735 1209 marmore
755 1136 869 1210 dextra
887 1152 991 1223 terat;

159 1255 414 1357 Sextantemque
432 1255 541 1330 trahat
559 1257 684 1352 gummi
702 1287 777 1332 cum
794 1259 919 1334 semine
935 1257 1082 1332 Thuseo.
1195 1281 1230 1334 65

209 1382 285 1454 Huc
298 1379 413 1454 novies
430 1397 524 1453 tanto
540 1378 617 1480 plus'
636 1381 699 1454 tibi
717 1380 825 1456 mellis
843 1374 919 1456 eat.

160 1504 387 1605 Quaecumque
404 1501 533 1578 adficiet
551 1502 608 1576 tali
625 1503 840 1580 medicamine
859 1505 1008 1594 vultum,

161 1723 204 1777 tib.
217 1723 286 1787 ΧΠ,
300 1725 339 1789 rt,
351 1723 383 1775 ab
395 1722 450 1775 ervi
461 1722 551 1792 ligura.
563 1723 671 1777 Salmas.
721 1723 926 1794 Neapolitanus,
940 1730 1119 1793 sextulaque
1131 1726 1220 1777 trehet
1227 1743 1234 1775 :

162 1801 254 1854 Exere.
266 1800 334 1852 Plin.
347 1819 403 1868 pag.
414 1800 460 1852 361
473 1821 480 1862 ;
492 1810 519 1852 et
531 1800 601 1853 idern
615 1802 672 1853 Pli-
722 1802 764 1855 alii
782 1802 853 1869 duo,
865 1810 1007 1856 sextantem
1023 1804 1127 1855 trahere.
1146 1800 1191 1855 Sic
1207 1811 1234 1854 et

161 1879 221 1931 nius
229 1881 339 1930 orotr'ten
351 1876 563 1949 Chrysocollam,
574 1879 605 1930 ab
616 1879 671 1931 ervi
721 1900 782 1932 mox
799 1901 865 1934 vers.
878 1883 926 1935 80:
938 1881 1013 1952 lego,
1026 1883 1149 1933 tradent:
1160 1878 1233 1932 bulbi

160 1976 265 2028 quoque
277 1954 464 2022 similitudine,
477 1955 520 2007 lib.
533 1955 669 2024 xxxtlt,
720 1977 825 2027 nempe.
833 1987 867 1999 -
876 1960 985 2011 Gummi.
995 1956 1079 2011 Casus
1088 1967 1129 2011 est
1138 1965 1232 2010 rectus.

163 2041 191 2103 5,
205 2036 301 2090 dictam
314 2035 356 2087 ait.
372 2035 455 2087 lunt.
722 2035 799 2091 Ordo
811 2037 884 2089 enim
892 2047 931 2090 est
943 2055 949 2089 :
964 2039 1132 2090 Gsaem'em
1139 2039 1234 2088 sentire

194 2115 236 2168 lio.
253 2116 284 2166 In
294 2116 347 2165 hee
357 2114 437 2164 solidi
443 2118 518 2164 sexte
529 2111 672 2178 [accessis
726 2116 825 2168 Theseo
833 2118 921 2168 trahat
929 2121 1078 2167 sextantem.
1090 2114 1144 2167 Hic
1151 2113 1234 2166 estin·

162 2201 211 2246 eat.
221 2193 300 2245 Sexta
309 2188 472 2258 subintellige
481 2209 548 2259 pars.
561 2191 604 2243 Sic
613 2211 674 2244 sex·
723 2192 876 2247 declinabile
886 2234 893 2260 ,
905 2203 933 2247 et
947 2193 1050 2263 generis
1063 2192 1153 2245 neutri
1159 2211 1234 2258 μη-

163 2276 226 2331 tuta,
237 2280 307 2323 sexta
313 2288 372 2339 pars
384 2266 477 2333 uncite,
492 2268 560 2337 apud
571 2269 674 2322 Rhcm-
722 2278 764 2324 rm'.
774 2270 923 2324 Columella
931 2282 1021 2325 tamen
1032 2270 1075 2323 lib.
1086 2269 1129 2322 13:
1140 2271 1233 2334 (luatis

164 2350 240 2402 nium
253 2347 285 2401 de
298 2346 464 2416 ponderibus.
480 2348 580 2400 Solutus
591 2368 622 2400 as
632 2347 674 2402 vel
721 2359 762 2403 est
768 2355 888 2418 gemmet,
897 2349 991 2420 iuquit.
1003 2349 1144 2402 Estautem
1153 2365 1233 2416 guna-

165 2432 248 2488 essir,
263 2426 334 2478 idem
346 2425 391 2495 qui
402 2435 429 2477 et
439 2428 525 2478 soleita
542 2430 608 2478 titre
619 2445 673 2479 an·
722 2424 1232 2500 mislacbrymaarborumconglutiuata,

164 2505 250 2575 siquis.
723 2505 1232 2577 utpcrsici,cerasi,etsimilium.Msn.

203 2585 244 2637 δι.
265 2585 379 2650 Namque
395 2586 446 2635 ubi·
464 2584 571 2648 Jamque
590 2580 675 2649 prima
723 2586 867 2638 -Semr'ne.
879 2585 979 2638 Semen
992 2585 1036 2638 hic
1046 2583 1184 2654 proprium
1195 2593 1234 2636 est

166 2661 247 2716 editio
260 2671 287 2714 et
305 2661 412 2730 scripti:
426 2658 561 2729 quomodo
574 2660 676 2714 Marius
723 2663 850 2716 frumenti
858 2681 1017 2734 genus,uon
1026 2661 1149 2716 dissimile
1157 2661 1233 2714 larci:

167 2759 271 2810 quoque
283 2740 399 2809 Nigeret
412 2739 571 2808 Naugerius,
581 2758 611 2791 ex
623 2739 675 2791 suis
724 2740 795 2810 quod
804 2742 918 2794 etZeam
927 2739 1105 2810 appellant,ex
1113 2759 1167 2809 quo
1173 2739 1235 2792 alica

168 2828 336 2872 annotarunt
351 2818 450 2871 limus.
682 2813 684 2816 ¹
725 2817 941 2883 tiebat,utdocet
949 2817 1067 2871 Plintis.
1079 2818 1235 2870 rs-rtaes-

199 2899 240 2950 ba.
257 2899 288 2948 In
303 2900 411 2948 numeris
427 2900 512 2947 omnia
528 2913 601 2947 cerne
613 2899 675 2946 sse's.
724 2895 1134 2964 chuiainTlrusciaoptimum
1142 2912 1235 2947 nasce·

168 2976 212 3029 Sic
224 2974 318 3044 legitur
330 2975 357 3026 in
369 2973 491 3026 omnibus
503 2974 601 3026 excusis
613 2992 620 3026 ι
630 2972 677 3026 de·
724 2975 810 3027 batur.
827 2974 895 3026 Mihi
908 2985 998 3027 tamen
1010 2974 1091 3043 magis
1103 2972 1234 3042 placeret,

167 3063 281 3124 pravate.
293 3053 324 3104 ln
337 3051 436 3121 scriptis
447 3063 536 3104 autem
546 3090 553 3117 ,
563 3055 677 3103 innume·
725 3053 745 3105 si
762 3053 909 3122 legeretur,
926 3060 996 3113 tuso.
1018 3052 1045 3105 id
1058 3062 1114 3114 est,
1131 3052 1195 3104 trito
1206 3050 1234 3103 in

166 3138 203 3184 ris
221 3134 306 3183 omneis
324 3149 396 3182 cerne
408 3134 485 3183 caess.
499 3130 569 3182 Vere
583 3148 589 3180 :
601 3139 629 3182 ut
644 3128 677 3182 sit
726 3132 869 3184 mortario:
881 3130 926 3204 sed
939 3131 1042 3183 nullum
1054 3130 1138 3183 habeo
1148 3147 1235 3183 exem·

168 3209 262 3263 setacei
274 3207 351 3261 cribri
365 3206 537 3276 periphrasis,
551 3204 623 3275 quod
633 3205 678 3258 in·
727 3209 798 3278 plar,
810 3210 886 3277 cujus
896 3209 1035 3263 autoritate
1048 3211 1124 3262 nitar.
1136 3210 1219 3262 luxu.

168 3284 340 3341 numerabilia
363 3284 442 3338 babet
461 3284 599 3336 foramina.
622 3283 678 3336 Aut
760 3288 799 3340 66.
818 3290 855 3340 Et
865 3293 956 3341 nosses.
972 3287 1129 3357 Legendum
1141 3298 1195 3355 est,
1207 3299 1235 3341 ut

168 3366 224 3436 lege
237 3363 391 3417 auctoritate
404 3362 515 3415 aliorum
527 3372 578 3415 vet.
591 3380 678 3415 exem·
727 3366 755 3419 in
769 3368 952 3437 manuscriptis
966 3367 1156 3437 exemplaribus
1167 3368 1237 3438 legi-

109 3467 113 3475 ·
168 3442 400 3514 plarium,quibus
409 3461 436 3494 se
450 3460 527 3495 usum
539 3461 593 3494 esse
605 3439 679 3493 allit—
729 3446 904 3512 tur,Huc:id
916 3446 1005 3512 est,iu
1015 3447 1070 3500 base
1080 3446 1237 3516 omniaque

170 3519 679 3589 matDominicusMariusNiger,homo
727 3543 806 3594 supra
823 3525 1037 3577 commemorari.
1056 3527 1149 3577 Νομία
1166 3531 1238 3576 tanto

170 3603 332 3658 doctissimus
341 3621 347 3653 :
357 3603 476 3653 Protinus
483 3606 510 3653 in
519 3603 619 3652 mundis
627 3620 680 3652 oer-
724 3608 800 3670 plus:
811 3601 861 3655 boc
871 3613 926 3668 est,
940 3622 993 3656 una
1003 3602 1068 3655 libra
1080 3622 1141 3656 eum
1153 3602 1237 3656 dimi-

170 3687 214 3734 m'a
225 3699 297 3734 cerne
314 3684 391 3733 cavis.
406 3676 436 3729 ld
449 3688 507 3744 est,
522 3688 550 3729 ut
568 3678 622 3746 ipse
633 3678 679 3730 lo·
729 3682 788 3736 dia:
802 3680 873 3750 quod
886 3681 966 3735 efficit
978 3700 1076 3734 novem
1092 3692 1235 3746 sextantes,

171 3762 275 3830 quitur,
286 3755 422 3828 purganda
433 3755 488 3810 lroec
499 3756 545 3809 tibi
556 3767 617 3810 sunt
628 3757 681 3811 cri-
730 3760 817 3825 idest,
827 3761 916 3817 uncias
928 3759 1020 3813 decem
1028 3771 1055 3812 et
1067 3772 1134 3813 octo.
1148 3764 1234 3816 Paeto.

169 3837 230 3890 bris.
248 3834 350 3888 Ciolan.
364 3840 392 3887 tn
409 3837 498 3886 critn's
513 3833 634 3903 legebat,
653 3843 681 3887 et
729 3838 825 3892 scilicet
835 3849 960 3892 sextante.
971 3839 1041 3893 Nam
1053 3838 1154 3892 dixerat
1161 3835 1237 3908 paulo

170 3917 257 3986 legere
276 3915 338 3967 alios
360 3913 442 3966 votuit
462 3913 588 3968 Heinsius
602 3934 609 3967 ι
622 3932 681 3983 ques
731 3926 791 3968 ante
803 3955 810 3980 ,
822 3917 1013 3984 Sextantemque
1024 3920 1117 3969 trahat.

170 3996 248 4049 lectio
261 3995 345 4048 adhuc.
357 3994 477 4047 obtinuit.
763 3994 803 4063 57.
831 3998 995 4063 Quaecsmque
1013 3998 1122 4064 adficiet.
1143 3992 1237 4045 Malim

203 4072 243 4136 64.
261 4074 328 4123 Puro
337 4089 464 4122 marmore.
474 4070 569 4138 Forte,
579 4073 664 4124 Paeto.
730 4077 830 4143 inficiet.
842 4073 941 4126 Hsrtts
953 4073 1022 4126 Vide
1034 4072 1121 4126 locutu
1137 4072 1238 4124 Petro-

204 4147 244 4203 65.
256 4150 360 4202 Tentat.
372 4150 449 4201 Terst
455 4149 544 4219 scripti
554 4149 681 4218 plerique.
732 4150 769 4203 nii
781 4169 835 4220 cap.
849 4164 889 4202 cu
901 4169 908 4203 ι
919 4151 946 4205 io
959 4150 1035 4202 initio
1047 4149 1199 4204 adductum.
