2798 4702
412 363 650 430 AMORUM
676 367 728 431 11.
757 366 903 432 ELEG.
936 368 1006 432 XI.

182 509 252 581 Nec
269 504 397 578 medius
412 522 527 577 tenues
546 504 711 594 conchas,
729 506 879 606 pictosve
894 505 1043 607 lapillos,

231 624 360 695 Pontus
376 621 478 694 habet
492 651 500 694 τ
514 619 626 698 bibuli
639 619 749 694 litoris
768 619 826 696 illa
841 647 934 696 mora
951 641 1010 697 est.

184 740 299 813 Litora
315 737 506 812 marmoreis
521 737 664 838 pedibus
682 739 843 834 signanda
858 739 1000 841 puellae:

234 858 403 930 Hactenus
419 872 471 929 est
486 871 614 943 tutum;
631 871 739 929 cetera
755 883 837 929 caeca
851 857 903 929 via
921 874 981 930 est.

185 974 231 1044 Et
246 972 344 1045 vobis
362 970 418 1045 alii
435 988 608 1046 ventorum
623 967 736 1071 praelia
748 988 899 1059 narrent3

234 1092 329 1188 Quas
347 1086 456 1190 Scylla
472 1087 624 1176 infestet,
645 1114 766 1188 quasve
783 1086 970 1189 Charybdis
986 1118 1109 1190 aquas:

186 1209 231 1279 Et
248 1206 370 1309 quibus
384 1206 549 1279 emineant
563 1203 709 1278 violenta
727 1203 888 1277 Ceraunia
902 1202 1010 1277 saxis:

235 1321 315 1417 Quo
334 1318 457 1393 lateant
473 1321 605 1420 Syrtes,
630 1348 738 1419 quove
755 1317 865 1392 Malea
880 1319 966 1392 sinu.
1221 1363 1254 1398 20

189 1439 266 1510 Hac
283 1435 339 1509 alii
355 1435 514 1523 reseraut;
532 1453 656 1522 atros,
678 1433 769 1537 quod
789 1435 930 1535 quisque
948 1434 1148 1536 loquentur,

235 1558 388 1633 Credite:
403 1557 549 1632 credenti
566 1556 656 1630 nulla
675 1555 820 1658 procella
836 1575 944 1631 uocet.

189 1773 221 1828 ld
231 1784 286 1840 est,
303 1773 358 1844 plus
369 1774 416 1828 tibi
435 1774 484 1828 loci
499 1775 525 1826 iu
541 1773 604 1828 carlo
616 1777 694 1827 relatr-

188 1856 253 1921 qur'l,
268 1871 346 1923 quam
354 1853 387 1907 sis
400 1862 581 1922 occupaturus.

223 1929 259 1983 13.
273 1932 387 1983 Pr’closre
410 1932 520 1999 lapillos.
551 1930 695 1996 Vlrldesque

189 2019 306 2078 excerpta
322 2008 452 2062 Puteanei
468 2018 495 2060 et
510 2017 611 2076 septem
627 2004 693 2058 libri.

192 2086 451 2155 lanosqneltrancot.
458 2085 572 2139 Videtur
578 2084 620 2137 hic
628 2080 696 2138 Ovi-

188 2164 245 2217 dius
263 2175 324 2218 ante
344 2165 432 2218 oculos
452 2163 571 2217 habuisse
590 2162 695 2214 Lucre-

187 2243 270 2311 tium,
288 2244 334 2313 qui
345 2244 390 2296 lib.
405 2260 448 2308 11,
461 2243 525 2312 374,
539 2242 574 2294 ita
582 2240 668 2293 canit:

151 2345 153 2351 '
186 2339 347 2391 Canthumque
355 2351 415 2389 genus
426 2337 484 2388 parili
491 2337 565 2374 ratium
574 2335 664 2373 videmus

185 2413 266 2463 Pingere
272 2411 349 2450 telluris
356 2412 452 2462 gremium
461 2424 514 2463 ,qiu
523 2409 615 2447 mollibus
624 2409 682 2449 undis

186 2473 258 2525 mritis
265 2486 343 2524 incurri
350 2485 437 2523 bibulam
444 2484 499 2534 pavit
506 2496 573 2534 nquor
580 2495 656 2520 arenam
666 2496 673 2531 ς

186 2560 229 2613 ubi
244 2564 309 2611 laoll
319 2557 480 2627 preferrem.
502 2555 623 2625 Sequens
635 2554 693 2608 dis-

186 2638 273 2691 tichon
283 2636 407 2706 expressit
418 2635 522 2689 Nemes.
536 2634 591 2687 Ecl.
599 2650 636 2700 u,
650 2655 693 2688 21:

185 2729 210 2766 Bt
219 2742 262 2780 qun
268 2740 377 2766 marmoreo
385 2725 446 2776 pede,
455 2724 553 2773 Naiadas,
563 2725 601 2763 ude
609 2732 694 2763 semum

185 2802 251 2839 bitom
257 2830 264 2850 ‚
272 2811 383 2852 purpureos
394 2798 446 2836 alitis
456 2810 490 2848 per
497 2798 583 2847 gunsina
592 2795 655 2836 dom.

187 2876 278 2944 Quem
291 2875 379 2926 locum
390 2870 524 2936 Barthius,
534 2870 624 2935 credo,
638 2889 692 2922 non

185 2954 357 3018 sollicitasset,
370 2952 391 3003 si
400 2949 480 3018 hujus
492 2947 618 3002 Ouidiani
629 2967 693 3002 me-

188 3032 312 3084 minisset.
330 3030 428 3082 Bunnt.

225 3114 262 3162 15.
269 3113 362 3163 Litora.
370 3107 536 3178 Apostrophe
542 3107 617 3161 estad
624 3107 694 3177 puel·

190 3185 227 3238 las
242 3205 346 3253 omnes,
367 3186 388 3239 si
409 3184 499 3255 (utin
511 3185 694 3255 manuscriptis

190 3264 377 3333 exemplaribus
384 3264 510 3333 scriptum
522 3263 577 3327 est)
594 3263 695 3333 legatur

188 3349 300 3410 signate,
312 3341 339 3394 id
356 3353 394 3396 est
404 3342 499 3396 calcate
515 3342 554 3394 :si
568 3344 695 3409 repanda

188 3420 300 3489 legeris,
323 3419 496 3489 supplendum
514 3420 564 3473 erit
581 3428 654 3483 sunl,
667 3431 696 3474 et

183 3503 285 3568 puelle.
293 3499 694 3570 propuellarum,exponendum.

188 3576 244 3630 Sed
263 3576 342 3650 longe
363 3577 455 3631 melior
471 3589 510 3632 est
525 3579 596 3646 prior
610 3578 694 3632 lertio.

186 3655 267 3708 Mus.
282 3656 406 3723 Ss'ffnala,
427 3655 578 3711 Puteaneus
597 3666 624 3709 et
642 3666 695 3712 tres

187 3733 228 3786 alii
242 3753 248 3785 ι
260 3744 286 3787 at
298 3733 461 3802 complures,
475 3737 609 3800 signanda.
625 3734 661 3789 H.

223 3812 259 3863 18.
275 3815 346 3878 Quas
355 3813 442 3882 Scylla
451 3812 561 3879 infestet.
574 3810 696 3865 Omnino

187 3909 217 3942 er
228 3891 323 3944 vetusti
334 3890 430 3944 codicis
443 3890 595 3943 auctoritate
604 3890 695 3959 legen-

188 3968 253 4022 dum
264 3981 317 4037 est,
329 3974 450 4041 rlrsleclr'l,
462 3968 487 4020 id
500 3979 555 4036 est,
568 3969 695 4022 incurvat.

1205 1690 1217 1719 Ι

740 1775 1179 1847 ΙαΙιιεᾶειιεκη,Ιονκωιἠεᾳιιιεια
1188 1783 1258 1835 cla-

742 1854 828 1921 iyldis
850 1852 985 1920 Inseslaat.
1013 1854 1114 1910 Herus.
1148 1858 1260 1926 Inserta!

743 1949 860 1999 quasque.
879 1929 979 1984 Dounte
991 1931 1080 1986 codex.

776 2027 816 2061 ao.
832 2011 887 2075 Quo
896 2013 996 2063 laleaul
1002 2012 1095 2079 Syrtes,
1107 2031 1185 2080 quove
1195 2014 1258 2067 lta-

742 2087 784 2139 lea
794 2093 860 2140 sinu.
876 2087 996 2141 Dubium
1008 2101 1047 2142 est
1059 2091 1179 2159 nullum,
1192 2096 1256 2163 quin

744 2177 836 2235 agatur
854 2167 886 2220 de
904 2177 1014 2238 utraque
1028 2170 1118 2241 Syrti,
1132 2175 1178 2242 qui
1192 2195 1257 2229 sco-

741 2245 813 2314 puli,
826 2256 856 2298 ut
867 2265 949 2300 nemo
961 2248 1057 2313 nescit,
1071 2251 1254 2320 navigantibus

742 2323 808 2378 adeo
827 2325 994 2391 formidandi.
1018 2327 1076 2381 Cur
1097 2349 1152 2383 non
1174 2331 1255 2403 igitur

742 2401 816 2468 prior
827 2403 981 2455 restituatur
993 2403 1088 2470 lectio,

741 2490 788 2543 Qup
796 2489 868 2526 latemt
875 2491 956 2540 tlsrten,
968 2501 1045 2540 magu
1052 2517 1060 2538 ,
1074 2490 1214 2529 mluonosinu
1223 2507 1230 2541 ς

740 2570 769 2613 ει
793 2559 856 2629 quid
883 2559 925 2613 hic
950 2559 1070 2613 Maleum
1094 2574 1256 2630 promonto—

741 2637 834 2691 rium?
849 2638 965 2706 Quodsi
978 2640 1099 2708 Propert.
1112 2656 1166 2708 ιιι,
1180 2642 1255 2716 Eleg.

742 2731 818 2782 mr,
832 2736 861 2786 7,
878 2734 940 2769 cum
959 2716 1082 2787 Syrtibus
1098 2719 1253 2787 conjunxit,

742 2811 797 2847 uon
805 2791 937 2847 videorur
946 2793 1059 2849 Ovidius
1069 2799 1254 2865 quoque.Sen·

740 2871 774 2925 sit
785 2871 933 2931 Burmann.
946 2891 997 2926 nec
1005 2871 1067 2941 quid
1077 2883 1166 2926 tamen
1175 2894 1252 2929 ausus

742 2961 781 3003 est
792 2950 949 3016 immutare,
959 2961 986 3003 et
993 2951 1125 3020 vulgatam
1135 2953 1252 3006 retinuit.

775 3049 814 3080 αι.
831 3031 889 3081 Hoc
897 3032 951 3080 alii.
964 3028 1071 3083 Rectius
1079 3030 1106 3082 in
1116 3031 1250 3099 exempla‘

741 3104 813 3156 ribus
824 3104 933 3174 legitur,
946 3108 1017 3168 laec,
1035 3107 1132 3161 scilicet
1143 3108 1253 3176 pericu-

742 3181 803 3234 losa.
815 3182 930 3236 Motu-
937 3184 1014 3249 Quod
1022 3190 1123 3253 an‘sque
1132 3188 1253 3254 loquatur.

743 3260 828 3312 Vetus
835 3270 862 3313 et
869 3279 931 3313 sana
942 3260 1019 3314 lectio
1027 3273 1077 3328 est,
1087 3267 1207 3331 loquelus.
1214 3263 1254 3316 ln.

743 3338 899 3406 Lopuenlur,
919 3339 1125 3394 Barberinianus
1142 3351 1169 3394 et
1185 3361 1254 3395 uuus

743 3416 845 3470 Mureti
863 3437 869 3471 :
886 3429 973 3482 recte,
998 3437 1048 3472 nec
1069 3419 1166 3472 desunt
1183 3421 1255 3489 apud

743 3497 871 3551 Nostrum
883 3498 1008 3568 exemplo.

776 3597 815 3628 aa.
840 3578 960 3629 Credeals'
970 3581 1043 3628 nulla
1051 3579 1166 3642 procella
1176 3587 1256 3632 nocel.

744 3655 856 3709 Mallent
871 3661 991 3722 querenti
1007 3656 1099 3707 Burm.
1114 3665 1141 3707 et
1161 3655 1255 3711 Heius.
1350 3712 1352 3717 ,

743 3733 814 3802 quod
828 3753 842 3784 e
856 3734 1001 3785 l'uteaneo.
1015 3732 1068 3785 Sed
1082 3733 1131 3784 nisi
1144 3753 1254 3789 meame

742 3812 806 3867 sallit
818 3813 921 3880 opinio,
936 3814 1051 3864 credenti
1059 3812 1137 3882 longe
1151 3816 1254 3868 antefe-

743 3887 864 3947 rendum
886 3887 942 3955 Qui
961 3888 1033 3939 enim
1046 3908 1104 3957 quae
1121 3893 1254 3960 navigan-

744 3966 812 4017 tibus
830 3965 987 4017 immineant
1007 3967 1121 4034 pericula
1137 3987 1254 4021 narran-

190 4047 266 4100 Mart.
285 4049 394 4115 Iaseslel
404 4047 526 4100 meliores
537 4066 544 4099 τ
556 4046 693 4110 nonnulli,
745 4043 813 4096 tibus
826 4045 919 4103 credit,
934 4054 1043 4112 portum
1060 4058 1150 4114 tenet,
1169 4065 1255 4114 neque

191 4127 300 4192 infeslal.
314 4127 426 4179 Metam.
440 4140 511 4187 x111,
532 4126 580 4194 73⁰
591 4143 598 4175 ι
609 4126 696 4193 Scylla
744 4123 896 4187 committit,
905 4134 933 4175 ut
943 4123 989 4191 ipsi
1002 4125 1136 4193 quondam
1143 4127 1259 4191 procella
