2798 4702
200 342 241 405 50
471 335 510 399 P.
540 333 717 402 OVlDlI
743 332 972 406 NASONIS

199 477 316 551 Donec
330 499 403 548 eras
421 470 576 572 simplex,
594 473 740 545 animum
757 501 832 547 eum
848 503 987 577 corpore
1004 480 1106 554 amavi
1124 511 1132 555 :

245 595 343 666 Nunc
359 587 478 663 mentis
495 586 576 659 vitio
593 584 669 660 laesa
685 586 791 683 figura
807 607 864 665 tua
881 609 942 666 est.

197 711 243 783 Et
258 734 342 807 puer
356 720 422 791 est,
440 718 475 776 et
490 701 601 775 nudus
618 703 748 777 Amor:
763 704 834 779 3133
851 706 1010 782 sordibus
1023 736 1146 801 annos,
1224 737 1253 786 15

244 828 290 898 Et
305 819 414 895 nullas
425 834 548 905 vestes,
567 835 607 891 ut
623 818 668 890 sit
683 837 832 919 apertus,
850 819 960 897 haber.

196 938 289 1038 Quid
304 963 445 1039 puerum
460 933 600 1008 Veneris
617 934 726 1033 pretio
743 953 892 1036 prostare
907 938 1054 1035 jubetis?

243 1056 321 1152 Quo
338 1051 481 1154 pretium
499 1048 636 1137 condat,
655 1078 725 1123 non
741 1048 845 1125 habet
859 1051 915 1126 ille
930 1055 1050 1130 sinum.

189 1179 259 1251 Nec
275 1173 390 1244 Venus
405 1184 481 1268 apta
497 1165 590 1253 feris,
608 1166 746 1240 Veneris
762 1195 823 1241 nee
840 1166 946 1259 filius,
965 1171 1086 1245 armis:

238 1291 317 1364 Non
330 1285 424 1358 decet
436 1278 587 1355 imbelles
604 1308 668 1354 3333
683 1309 807 1356 merere
825 1283 928 1357 Deos.
1217 1324 1250 1362 ao
1282 1359 1284 1362 .

190 1412 265 1485 Stat
279 1401 434 1479 meretrix
452 1415 542 1471 certo
559 1396 663 1469 cuivis
680 1396 869 1472 mercabilis
886 1428 967 1489 aere3

237 1525 284 1595 Et
296 1518 432 1592 miseras
446 1513 540 1610 jusso
558 1538 699 1610 corpore
717 1513 835 1611 querit
852 1542 942 1616 opes.

189 1643 338 1715 Devovet
349 1627 525 1730 imperium
538 1641 648 1700 tamen
664 1625 732 1700 haeo
747 1623 878 1701 lenonis
895 1633 982 1704 avari
995 1661 1004 1718 ;

235 1758 300 1839 Et,
320 1746 412 1850 quod
428 1771 486 1817 vos
500 1742 608 1817 facitis
625 1760 763 1843 sponte,
783 1759 894 1816 coacta
909 1743 996 1817 facit.

189 1869 316 1948 Sumite
333 1864 370 1936 in
386 1855 572 1959 exemplum
586 1856 731 1957 pecudes
748 1857 873 1933 ratione
889 1878 1058 1935 carentes:
1214 1889 1247 1942 25

234 1986 349 2084 Turpe
366 1978 429 2053 erit
445 1973 615 2070 ingenium
632 1973 747 2047 mitius
763 1999 833 2048 esse
848 1971 936 2047 feris.

187 2108 267 2179 Non
283 2126 369 2198 equa
383 2119 506 2168 munus
523 2118 664 2190 equum,
682 2081 751 2161 nori
767 2105 898 2163 taumm
915 2119 1011 2164 vacca
1027 2093 1182 2191 poposcit
1195 2124 1204 2183 ;

234 2220 315 2293 Non
331 2213 414 2288 aries
429 2207 582 2311 placitam
600 2234 735 2282 munere
753 2225 863 2308 captat
880 2236 984 2282 ovem.

187 2334 266 2411 Sola
282 2331 354 2404 viro
371 2323 490 2400 mulier
507 2321 624 2424 spoliis
641 2321 783 2396 exsultat
796 2321 955 2397 ademtis:

236 2447 316 2525 Sola
329 2444 419 2518 locat
432 2458 563 2527 noetes;
579 2437 649 2512 sola
665 2437 804 2513 locanda
822 2439 929 2513 venit:
1196 2464 1245 2514 '30

221 2635 258 2689 33.
270 2623 633 2696 03333333331131331331333
640 2624 693 2677 visa
774 2643 814 2677 33.
837 2625 919 2677 ceno.
940 2624 1013 2676 coco
1028 2631 1084 2674 erat
1101 2620 1129 2674 in
1148 2621 1244 2677 Glare-

187 2711 316 2774 Francio,
337 2707 382 2775 qui
397 2703 562 2771 corrigebat,
582 2708 693 2755 33313333
741 2701 836 2767 31333,
861 2700 931 2753 33313
951 2701 1008 2769 quis
1026 2698 1058 2753 de
1080 2696 1245 2755 Circensibus

187 2813 232 2847 m
243 2804 331 2856 corpus
341 2785 432 2835 33333ιὶ
740 2777 887 2847 prostibulis
910 2788 995 2846 posset
1016 2778 1167 2842 somniem
1199 2781 1243 2834 sed

223 2868 260 2934 31,
274 2865 331 2917 Tua
341 2865 388 2914 cst.
399 2855 508 2921 Malim,
522 2859 579 2906 tue.
591 2854 692 2907 Hsnts.
738 2855 840 2907 frustra.
867 2857 965 2908 Certum
976 2867 1030 2923 331,
1047 2858 1108 2926 quia
1123 2859 1245 2930 inscripta

187 2947 223 3001 Et
232 2945 269 2998 ita
279 2938 412 2995 Francius.
739 2933 1244 3007 erateellulaeunieuiquemerces,quam

222 3025 259 3078 15.
268 3023 374 3088 Etpuer
382 3018 424 3067 es!
433 3017 461 3066 31
470 3011 552 3064 nudus
561 3028 635 3063 amor
642 3019 690 3062 etr.
738 3012 856 3082 captabat
864 3015 994 3068 meretrix.
1005 3019 1245 3082 Quorr'smertabt'lis

187 3102 251 3157 ideo
259 3100 341 3152 nudus
352 3094 447 3156 Amor,
459 3099 486 3142 et
490 3087 616 3156 puen'sub
624 3087 692 3141 ima·
739 3111 800 3150 ere,
820 3092 894 3144 multi
908 3113 938 3145 ex
949 3094 1065 3163 seriptis,
1087 3096 1158 3165 quod
1175 3099 1242 3152 male

184 3182 246 3252 gine
258 3181 476 3246 representatur,
495 3177 524 3221 ut
536 3163 576 3220 vel
588 3175 692 3236 aspectu
739 3169 847 3238 arripuit
859 3170 966 3224 Marius.
979 3171 1076 3224 Buuu.

186 3259 287 3328 primo,
299 3250 421 3306 omnibus
427 3248 572 3300 innoteseat
579 3251 691 3314 apertum
772 3269 811 3302 33.
822 3252 861 3303 Et
867 3256 1175 3322 mi'sems.....puaen‘lopes.
1185 3255 1242 3308 No-

186 3338 258 3389 lrunc
274 3351 346 3396 esse,
365 3327 392 3382 id
408 3335 463 3393 331,
479 3323 535 3378 3133
553 3322 644 3377 fraude
664 3333 691 3376 31
739 3326 817 3380 tanda
825 3328 894 3381 vocis
901 3327 980 3395 liujus
987 3333 1093 3383 miseras
1100 3333 1242 3402 proprietas

185 3413 254 3466 dolo.
267 3410 350 3464 Recte
363 3406 441 3476 igitur
455 3400 548 3456 Cicero
560 3400 688 3462 distinxit,
738 3423 799 3458 vere
817 3405 959 3474 singularis.
984 3406 1076 3475 Quem
1093 3410 1183 3475 enim,
1201 3409 1243 3462 vel

185 3498 271 3559 aperte
276 3491 411 3557 palamque
419 3480 518 3541 dieere;
531 3498 585 3531 333
596 3477 690 3532 desunt
738 3479 803 3534 dum
812 3481 968 3549 detestatur,
977 3486 1052 3539 sortis
1059 3506 1114 3540 non
1123 3489 1243 3540 misereat

184 3571 259 3624 enim
270 3567 315 3637 qui
319 3567 418 3632 palam,
430 3578 479 3612 nec
490 3563 575 3625 aperte
585 3566 688 3622 tamen,
737 3558 809 3612 istius
826 3559 898 3612 modi
917 3563 1074 3631 mulierum,
1097 3583 1155 3633 quae
1166 3564 1242 3621 iusso

185 3645 257 3719 quod
268 3645 388 3699 candide.
401 3640 559 3707 sinpliciter,
573 3633 690 3704 1333333-
737 3655 837 3705 corpote
842 3638 903 3692 tales
909 3659 971 3709 opes
979 3641 1113 3710 querunt!
1122 3639 1180 3693 Alio
1185 3659 1241 3693 333-

186 3712 690 3784 tur.·-ll1aleHeinsiuslegendumsna·
736 3733 768 3767 33
787 3715 880 3769 Horat.
898 3721 1001 3771 3131313133
1012 3719 1132 3771 nr'sems!
1153 3717 1240 3771 excla-

185 3791 690 3856 31313313331Λ333313113331331133333-
737 3803 810 3859 mat,
830 3804 859 3846 ut
875 3793 1011 3848 ridendam
1028 3795 1090 3848 fatui
1106 3793 1243 3862 eujusdam

185 3890 241 3943 tes,
260 3881 317 3944 quis
333 3879 370 3925 sit
387 3878 501 3940 opertus,
520 3871 599 3926 habet
615 3889 621 3924 :
639 3867 690 3923 1333
737 3873 939 3926 ostentationem
954 3873 1056 3926 satirico
1075 3892 1149 3927 more
1168 3893 1242 3943 pers-

184 3957 304 4024 iueptum
316 3961 354 4005 υῦ
363 3954 444 4003 nudus
456 3951 587 4020 glossema.
737 3950 842 4020 tringat.
851 3951 886 4004 ll.
899 3950 954 4004 Sat.
966 3966 1032 4011 3333,
1047 3970 1071 4003 v.
1086 3952 1123 4004 18.

217 4049 257 4084 33.
273 4028 619 4096 311333331333811333311333
631 4046 689 4082 333·
769 4029 809 4081 33.
828 4031 957 4082 Lucam
978 4028 1090 4082 Francio
1106 4030 1238 4100 placebat,

185 4108 250 4175 reri,
263 4127 297 4162 333
308 4105 426 4163 militare.
736 4109 828 4158 locata.
874 4136 877 4141 -
