<?xml version="1.0" encoding="UTF-8"?>
<!DOCTYPE html PUBLIC "-//W3C//DTD XHTML 1.0 Transitional//EN"
    "http://www.w3.org/TR/xhtml1/DTD/xhtml1-transitional.dtd">
<html xmlns="http://www.w3.org/1999/xhtml" xml:lang="en" lang="en">
 <head>
  <title>
</title>
<meta http-equiv="Content-Type" content="text/html;charset=utf-8" />
  <meta name='ocr-system' content='tesseract 3.04.00' />
  <meta name='ocr-capabilities' content='ocr_page ocr_carea ocr_par ocr_line ocrx_word'/>
</head>
<body>
  <div class='ocr_page' id='page_1' title='image "./publiiovidiinas00massgoog_0177.png"; bbox 0 0 2798 4702; ppageno 0'>
   <div class='ocr_carea' id='block_1_1' title="bbox 188 321 959 393">
    <p class='ocr_par' dir='ltr' id='par_1_1' title="bbox 188 321 959 393">
     <span class='ocr_line' id='line_1_1' title="bbox 188 321 959 393; baseline 0.009 -7"><span class='ocrx_word' id='word_1_1' title='bbox 188 321 249 388; x_wconf 77' lang='lat'>166</span> <span class='ocrx_word' id='word_1_2' title='bbox 464 322 501 385; x_wconf 92' lang='lat' dir='ltr'>P.</span> <span class='ocrx_word' id='word_1_3' title='bbox 531 322 707 390; x_wconf 89' lang='lat' dir='ltr'>OVlDll</span> <span class='ocrx_word' id='word_1_4' title='bbox 735 323 959 393; x_wconf 82' lang='lat' dir='ltr'>NASONIS</span> 
     </span>
    </p>
   </div>
   <div class='ocr_carea' id='block_1_2' title="bbox 181 453 961 556">
    <p class='ocr_par' dir='ltr' id='par_1_2' title="bbox 181 453 961 556">
     <span class='ocr_line' id='line_1_2' title="bbox 181 453 961 556; baseline 0.004 -22"><span class='ocrx_word' id='word_1_5' title='bbox 181 462 329 556; x_wconf 77' lang='lat' dir='ltr'><strong>Argutos</strong></span> <span class='ocrx_word' id='word_1_6' title='bbox 345 459 481 547; x_wconf 88' lang='lat' dir='ltr'>habuit,</span> <span class='ocrx_word' id='word_1_7' title='bbox 497 459 626 533; x_wconf 86' lang='lat' dir='ltr'>radiant</span> <span class='ocrx_word' id='word_1_8' title='bbox 640 478 679 533; x_wconf 92' lang='lat' dir='ltr'>ut</span> <span class='ocrx_word' id='word_1_9' title='bbox 695 453 803 551; x_wconf 79' lang='lat' dir='ltr'>eidus,</span> <span class='ocrx_word' id='word_1_10' title='bbox 819 461 961 549; x_wconf 83' lang='lat' dir='ltr'>ocellos3</span> 
     </span>
    </p>
   </div>
   <div class='ocr_carea' id='block_1_3' title="bbox 182 576 1245 1483">
    <p class='ocr_par' dir='ltr' id='par_1_3' title="bbox 182 576 1245 1483">
     <span class='ocr_line' id='line_1_3' title="bbox 214 576 960 678; baseline -0.001 -28"><span class='ocrx_word' id='word_1_11' title='bbox 214 579 294 650; x_wconf 88' lang='lat' dir='ltr'>·Per</span> <span class='ocrx_word' id='word_1_12' title='bbox 310 605 396 676; x_wconf 89' lang='lat' dir='ltr'>quos</span> <span class='ocrx_word' id='word_1_13' title='bbox 411 577 548 650; x_wconf 84' lang='lat' dir='ltr'>mentita</span> <span class='ocrx_word' id='word_1_14' title='bbox 562 594 613 650; x_wconf 91' lang='lat' dir='ltr'>est</span> <span class='ocrx_word' id='word_1_15' title='bbox 628 576 752 677; x_wconf 85' lang='lat' dir='ltr'>perfida</span> <span class='ocrx_word' id='word_1_16' title='bbox 768 605 852 678; x_wconf 74' lang='lat' dir='ltr'>sape</span> <span class='ocrx_word' id='word_1_17' title='bbox 869 579 960 651; x_wconf 90' lang='lat' dir='ltr'>mihi.</span> 
     </span>
     <span class='ocr_line' id='line_1_4' title="bbox 182 689 844 792; baseline 0 -27"><span class='ocrx_word' id='word_1_18' title='bbox 182 690 314 766; x_wconf 81' lang='lat' dir='ltr'>Scilicet</span> <span class='ocrx_word' id='word_1_19' title='bbox 327 707 447 764; x_wconf 87' lang='lat' dir='ltr'>aeterno</span> <span class='ocrx_word' id='word_1_20' title='bbox 466 689 584 764; x_wconf 85' lang='lat' dir='ltr'>falsum</span> <span class='ocrx_word' id='word_1_21' title='bbox 600 692 707 789; x_wconf 88' lang='lat' dir='ltr'>jurare</span> <span class='ocrx_word' id='word_1_22' title='bbox 724 690 844 792; x_wconf 84' lang='lat' dir='ltr'><strong>puellis</strong></span> 
     </span>
     <span class='ocr_line' id='line_1_5' title="bbox 230 806 1092 908; baseline -0.001 -29"><span class='ocrx_word' id='word_1_23' title='bbox 230 808 276 879; x_wconf 88' lang='lat' dir='ltr'>Di</span> <span class='ocrx_word' id='word_1_24' title='bbox 294 834 427 906; x_wconf 90' lang='lat' dir='ltr'>quoque</span> <span class='ocrx_word' id='word_1_25' title='bbox 443 806 628 880; x_wconf 89' lang='lat' dir='ltr'>concedunt</span> <span class='ocrx_word' id='word_1_26' title='bbox 641 837 649 894; x_wconf 90' lang='grc'><strong>;</strong></span> <span class='ocrx_word' id='word_1_27' title='bbox 663 807 833 908; x_wconf 78' lang='lat' dir='ltr'>formaque</span> <span class='ocrx_word' id='word_1_28' title='bbox 850 837 972 881; x_wconf 88' lang='lat' dir='ltr'>numen</span> <span class='ocrx_word' id='word_1_29' title='bbox 985 807 1092 881; x_wconf 88' lang='lat' dir='ltr'>habet.</span> 
     </span>
     <span class='ocr_line' id='line_1_6' title="bbox 184 920 965 1022; baseline 0.001 -27"><span class='ocrx_word' id='word_1_30' title='bbox 184 924 311 1021; x_wconf 84' lang='lat' dir='ltr'>Perque</span> <span class='ocrx_word' id='word_1_31' title='bbox 327 949 405 994; x_wconf 88' lang='lat' dir='ltr'>suos</span> <span class='ocrx_word' id='word_1_32' title='bbox 423 920 512 994; x_wconf 91' lang='lat' dir='ltr'>illam</span> <span class='ocrx_word' id='word_1_33' title='bbox 529 950 636 1022; x_wconf 88' lang='lat' dir='ltr'>nuper</span> <span class='ocrx_word' id='word_1_34' title='bbox 650 922 777 1021; x_wconf 87' lang='lat' dir='ltr'>jurasse</span> <span class='ocrx_word' id='word_1_35' title='bbox 792 923 965 1012; x_wconf 89' lang='lat' dir='ltr'>recordor,</span> 
     </span>
     <span class='ocr_line' id='line_1_7' title="bbox 233 1036 916 1136; baseline 0 -26"><span class='ocrx_word' id='word_1_36' title='bbox 233 1037 361 1136; x_wconf 86' lang='lat' dir='ltr'>Perque</span> <span class='ocrx_word' id='word_1_37' title='bbox 379 1065 471 1111; x_wconf 87' lang='lat' dir='ltr'>meos</span> <span class='ocrx_word' id='word_1_38' title='bbox 488 1036 620 1124; x_wconf 83' lang='lat' dir='ltr'>oculos3</span> <span class='ocrx_word' id='word_1_39' title='bbox 641 1055 675 1111; x_wconf 91' lang='lat' dir='ltr'>et</span> <span class='ocrx_word' id='word_1_40' title='bbox 690 1037 824 1113; x_wconf 90' lang='lat' dir='ltr'>doluere</span> <span class='ocrx_word' id='word_1_41' title='bbox 842 1040 916 1113; x_wconf 88' lang='lat' dir='ltr'>mei.</span> 
     </span>
     <span class='ocr_line' id='line_1_8' title="bbox 186 1153 1245 1255; baseline 0.004 -31"><span class='ocrx_word' id='word_1_42' title='bbox 186 1153 309 1241; x_wconf 81' lang='lat' dir='ltr'>Dicite,</span> <span class='ocrx_word' id='word_1_43' title='bbox 325 1155 389 1226; x_wconf 87' lang='lat' dir='ltr'>Di!</span> <span class='ocrx_word' id='word_1_44' title='bbox 407 1154 509 1227; x_wconf 82' lang='lat' dir='ltr'>sivos</span> <span class='ocrx_word' id='word_1_45' title='bbox 527 1155 661 1255; x_wconf 89' lang='lat' dir='ltr'>impune</span> <span class='ocrx_word' id='word_1_46' title='bbox 678 1153 830 1230; x_wconf 74' lang='lat' dir='ltr'>fefellerit</span> <span class='ocrx_word' id='word_1_47' title='bbox 848 1155 922 1241; x_wconf 92' lang='lat' dir='ltr'>illa,</span> <span class='ocrx_word' id='word_1_48' title='bbox 1216 1177 1245 1228; x_wconf 76' lang='lat'>15</span> 
     </span>
     <span class='ocr_line' id='line_1_9' title="bbox 234 1268 915 1364; baseline -0.001 -22"><span class='ocrx_word' id='word_1_49' title='bbox 234 1268 380 1344; x_wconf 84' lang='lat' dir='ltr'>Alterius</span> <span class='ocrx_word' id='word_1_50' title='bbox 396 1271 521 1343; x_wconf 86' lang='lat' dir='ltr'>meritis</span> <span class='ocrx_word' id='word_1_51' title='bbox 539 1299 597 1342; x_wconf 90' lang='lat' dir='ltr'>cur</span> <span class='ocrx_word' id='word_1_52' title='bbox 613 1300 676 1364; x_wconf 85' lang='lat' dir='ltr'>ego</span> <span class='ocrx_word' id='word_1_53' title='bbox 693 1270 809 1342; x_wconf 88' lang='lat' dir='ltr'>damna</span> <span class='ocrx_word' id='word_1_54' title='bbox 829 1269 915 1343; x_wconf 81' lang='lat' dir='ltr'>tuti?</span> 
     </span>
     <span class='ocr_line' id='line_1_10' title="bbox 185 1383 927 1483; baseline 0 -26"><span class='ocrx_word' id='word_1_55' title='bbox 185 1383 232 1457; x_wconf 81' lang='lat' dir='ltr'>At</span> <span class='ocrx_word' id='word_1_56' title='bbox 244 1412 315 1456; x_wconf 90' lang='lat' dir='ltr'>non</span> <span class='ocrx_word' id='word_1_57' title='bbox 331 1384 461 1456; x_wconf 86' lang='lat' dir='ltr'>invidiae</span> <span class='ocrx_word' id='word_1_58' title='bbox 472 1383 568 1455; x_wconf 88' lang='lat' dir='ltr'>vobis</span> <span class='ocrx_word' id='word_1_59' title='bbox 588 1384 729 1483; x_wconf 81' lang='lat' dir='ltr'>Cepheia</span> <span class='ocrx_word' id='word_1_60' title='bbox 746 1384 839 1479; x_wconf 86' lang='lat' dir='ltr'>virgo</span> <span class='ocrx_word' id='word_1_61' title='bbox 859 1402 927 1470; x_wconf 88' lang='lat' dir='ltr'>est,</span> 
     </span>
    </p>
   </div>
   <div class='ocr_carea' id='block_1_4' title="bbox 235 1504 929 1605">
    <p class='ocr_par' dir='ltr' id='par_1_4' title="bbox 235 1504 929 1605">
     <span class='ocr_line' id='line_1_11' title="bbox 235 1504 929 1605; baseline 0.001 -28"><span class='ocrx_word' id='word_1_62' title='bbox 235 1505 302 1579; x_wconf 89' lang='lat' dir='ltr'>Pro</span> <span class='ocrx_word' id='word_1_63' title='bbox 320 1504 402 1578; x_wconf 90' lang='lat' dir='ltr'>male</span> <span class='ocrx_word' id='word_1_64' title='bbox 419 1504 565 1577; x_wconf 85' lang='lat' dir='ltr'>formosa</span> <span class='ocrx_word' id='word_1_65' title='bbox 580 1505 671 1601; x_wconf 88' lang='lat' dir='ltr'>jussa</span> <span class='ocrx_word' id='word_1_66' title='bbox 684 1523 817 1605; x_wconf 88' lang='lat' dir='ltr'>parente</span> <span class='ocrx_word' id='word_1_67' title='bbox 834 1507 929 1579; x_wconf 90' lang='lat' dir='ltr'>mori.</span> 
     </span>
    </p>
   </div>
   <div class='ocr_carea' id='block_1_5' title="bbox 135 1711 1308 4113">
    <p class='ocr_par' dir='ltr' id='par_1_5' title="bbox 135 1711 1308 4113">
     <span class='ocr_line' id='line_1_12' title="bbox 185 1711 1247 1781; baseline 0.001 -16"><span class='ocrx_word' id='word_1_68' title='bbox 185 1715 273 1781; x_wconf 75' lang='lat' dir='ltr'>pedem</span> <span class='ocrx_word' id='word_1_69' title='bbox 284 1712 443 1765; x_wconf 71' lang='lat' dir='ltr'>amicoeeum</span> <span class='ocrx_word' id='word_1_70' title='bbox 455 1729 523 1775; x_wconf 80' lang='lat' dir='ltr'>esse,</span> <span class='ocrx_word' id='word_1_71' title='bbox 537 1720 594 1779; x_wconf 77' lang='lat' dir='ltr'>post</span> <span class='ocrx_word' id='word_1_72' title='bbox 603 1711 694 1778; x_wconf 76' lang='lat' dir='ltr'>perju-</span> <span class='ocrx_word' id='word_1_73' title='bbox 780 1712 815 1763; x_wconf 80' lang='lat'>13.</span> <span class='ocrx_word' id='word_1_74' title='bbox 827 1715 935 1765; x_wconf 72' lang='lat' dir='ltr'>Iurasse</span> <span class='ocrx_word' id='word_1_75' title='bbox 944 1717 1063 1767; x_wconf 81' lang='lat' dir='ltr'>recordor.</span> <span class='ocrx_word' id='word_1_76' title='bbox 1077 1714 1209 1768; x_wconf 81' lang='lat' dir='ltr'>Palatinus</span> <span class='ocrx_word' id='word_1_77' title='bbox 1220 1724 1247 1766; x_wconf 85' lang='lat' dir='ltr'>et</span> 
     </span>
     <span class='ocr_line' id='line_1_13' title="bbox 189 1789 1246 1860; baseline 0.003 -18"><span class='ocrx_word' id='word_1_78' title='bbox 189 1792 276 1855; x_wconf 89' lang='lat' dir='ltr'>rium,</span> <span class='ocrx_word' id='word_1_79' title='bbox 300 1789 345 1857; x_wconf 91' lang='lat' dir='ltr'>qui</span> <span class='ocrx_word' id='word_1_80' title='bbox 363 1797 423 1841; x_wconf 85' lang='lat' dir='ltr'>ante</span> <span class='ocrx_word' id='word_1_81' title='bbox 442 1789 545 1854; x_wconf 86' lang='lat' dir='ltr'>suerat,</span> <span class='ocrx_word' id='word_1_82' title='bbox 564 1793 694 1855; x_wconf 63' lang='lat' dir='ltr'>exr&#39;guum</span> <span class='ocrx_word' id='word_1_83' title='bbox 743 1808 787 1842; x_wconf 80' lang='lat' dir='ltr'>sex</span> <span class='ocrx_word' id='word_1_84' title='bbox 803 1790 858 1853; x_wconf 91' lang='lat' dir='ltr'>alii,</span> <span class='ocrx_word' id='word_1_85' title='bbox 872 1792 975 1854; x_wconf 78' lang='lat' dir='ltr'>jurare,</span> <span class='ocrx_word' id='word_1_86' title='bbox 997 1793 1131 1860; x_wconf 89' lang='lat' dir='ltr'>quomodo</span> <span class='ocrx_word' id='word_1_87' title='bbox 1146 1803 1246 1847; x_wconf 75' lang='lat' dir='ltr'>veteres</span> 
     </span>
     <span class='ocr_line' id='line_1_14' title="bbox 186 1865 1247 1938; baseline 0.001 -17"><span class='ocrx_word' id='word_1_88' title='bbox 186 1871 278 1921; x_wconf 75' lang='lat' dir='ltr'>formae</span> <span class='ocrx_word' id='word_1_89' title='bbox 290 1867 368 1936; x_wconf 81' lang='lat' dir='ltr'>igitur</span> <span class='ocrx_word' id='word_1_90' title='bbox 377 1871 521 1918; x_wconf 69' lang='lat' dir='ltr'>aramma.</span> <span class='ocrx_word' id='word_1_91' title='bbox 744 1865 854 1916; x_wconf 85' lang='lat' dir='ltr'>verbum</span> <span class='ocrx_word' id='word_1_92' title='bbox 862 1873 1070 1938; x_wconf 77' lang='lat' dir='ltr'>memim&#39;aemper</span> <span class='ocrx_word' id='word_1_93' title='bbox 1076 1869 1247 1923; x_wconf 75' lang='lat' dir='ltr'>construxisse</span> 
     </span>
     <span class='ocr_line' id='line_1_15' title="bbox 222 1940 1046 2015; baseline -0.001 -20"><span class='ocrx_word' id='word_1_94' title='bbox 222 1964 246 2015; x_wconf 78' lang='lat'>9.</span> <span class='ocrx_word' id='word_1_95' title='bbox 258 1941 696 1996; x_wconf 81' lang='lat' dir='ltr'>Radiantutsidusetc.1)ivinihoc</span> <span class='ocrx_word' id='word_1_96' title='bbox 746 1940 854 1994; x_wconf 87' lang='lat' dir='ltr'>tradunt</span> <span class='ocrx_word' id='word_1_97' title='bbox 867 1942 1046 1997; x_wconf 85' lang='lat' dir='ltr'>Grammatici.</span> 
     </span>
     <span class='ocr_line' id='line_1_16' title="bbox 191 2019 1249 2089; baseline 0.004 -16"><span class='ocrx_word' id='word_1_98' title='bbox 191 2019 287 2089; x_wconf 88' lang='lat' dir='ltr'>aliquid</span> <span class='ocrx_word' id='word_1_99' title='bbox 300 2039 354 2073; x_wconf 77' lang='lat' dir='ltr'>esee</span> <span class='ocrx_word' id='word_1_100' title='bbox 366 2019 526 2073; x_wconf 79' lang='lat' dir='ltr'>credebant:</span> <span class='ocrx_word' id='word_1_101' title='bbox 544 2020 602 2072; x_wconf 87' lang='lat' dir='ltr'>vide</span> <span class='ocrx_word' id='word_1_102' title='bbox 619 2019 694 2072; x_wconf 85' lang='lat' dir='ltr'>Suet.</span> <span class='ocrx_word' id='word_1_103' title='bbox 781 2021 817 2085; x_wconf 70' lang='lat'>¹4·</span> <span class='ocrx_word' id='word_1_104' title='bbox 831 2022 867 2072; x_wconf 76' lang='lat' dir='ltr'>E!</span> <span class='ocrx_word' id='word_1_105' title='bbox 876 2022 974 2073; x_wconf 81' lang='lat' dir='ltr'>doluere</span> <span class='ocrx_word' id='word_1_106' title='bbox 984 2026 1038 2072; x_wconf 81' lang='lat' dir='ltr'>mcr&#39;.</span> <span class='ocrx_word' id='word_1_107' title='bbox 1058 2021 1188 2077; x_wconf 79' lang='lat' dir='ltr'>Lacrimas</span> <span class='ocrx_word' id='word_1_108' title='bbox 1200 2025 1249 2076; x_wconf 92' lang='lat' dir='ltr'>in-</span> 
     </span>
     <span class='ocr_line' id='line_1_17' title="bbox 192 2095 1248 2167; baseline 0.003 -16"><span class='ocrx_word' id='word_1_109' title='bbox 192 2095 283 2151; x_wconf 83' lang='lat' dir='ltr'>Octav.</span> <span class='ocrx_word' id='word_1_110' title='bbox 306 2117 360 2167; x_wconf 85' lang='lat' dir='ltr'>cap.</span> <span class='ocrx_word' id='word_1_111' title='bbox 383 2114 472 2150; x_wconf 78' lang='lat' dir='ltr'>uxxrx.</span> <span class='ocrx_word' id='word_1_112' title='bbox 499 2098 583 2149; x_wconf 81' lang='lat' dir='ltr'>Ocellr&#39;</span> <span class='ocrx_word' id='word_1_113' title='bbox 593 2137 599 2158; x_wconf 88' lang='lat'>,</span> <span class='ocrx_word' id='word_1_114' title='bbox 622 2097 697 2148; x_wconf 88' lang='lat' dir='ltr'>multi</span> <span class='ocrx_word' id='word_1_115' title='bbox 747 2095 851 2163; x_wconf 73' lang='lat' dir='ltr'>telligit,</span> <span class='ocrx_word' id='word_1_116' title='bbox 865 2116 927 2164; x_wconf 81' lang='lat' dir='ltr'>quaa</span> <span class='ocrx_word' id='word_1_117' title='bbox 940 2098 986 2166; x_wconf 87' lang='lat' dir='ltr'>ipsi</span> <span class='ocrx_word' id='word_1_118' title='bbox 1001 2098 1089 2150; x_wconf 77' lang='lat' dir='ltr'>amicae</span> <span class='ocrx_word' id='word_1_119' title='bbox 1101 2102 1248 2167; x_wconf 82' lang='lat' dir='ltr'>perjurium</span> 
     </span>
     <span class='ocr_line' id='line_1_18' title="bbox 194 2174 1249 2246; baseline -0.001 -18"><span class='ocrx_word' id='word_1_120' title='bbox 194 2175 256 2228; x_wconf 91' lang='lat' dir='ltr'>editi</span> <span class='ocrx_word' id='word_1_121' title='bbox 268 2185 294 2228; x_wconf 89' lang='lat' dir='ltr'>et</span> <span class='ocrx_word' id='word_1_122' title='bbox 306 2177 401 2246; x_wconf 78' lang='lat' dir='ltr'>scripti.</span> <span class='ocrx_word' id='word_1_123' title='bbox 413 2177 511 2229; x_wconf 74' lang='lat' dir='ltr'>Burin.</span> <span class='ocrx_word' id='word_1_124' title='bbox 747 2174 841 2226; x_wconf 84' lang='lat' dir='ltr'>elicuit.</span> <span class='ocrx_word' id='word_1_125' title='bbox 853 2174 1031 2244; x_wconf 11' lang='lat' dir='ltr'>‘Quapropter</span> <span class='ocrx_word' id='word_1_126' title='bbox 1040 2175 1111 2227; x_wconf 82' lang='lat' dir='ltr'>addit</span> <span class='ocrx_word' id='word_1_127' title='bbox 1120 2177 1249 2244; x_wconf 85' lang='lat' dir='ltr'>proxime:</span> 
     </span>
     <span class='ocr_line' id='line_1_19' title="bbox 228 2253 1248 2321; baseline 0.002 -16"><span class='ocrx_word' id='word_1_128' title='bbox 228 2274 264 2305; x_wconf 89' lang='grc' dir='ltr'>ιι.</span> <span class='ocrx_word' id='word_1_129' title='bbox 285 2255 387 2306; x_wconf 74' lang='lat' dir='ltr'>Scilicet</span> <span class='ocrx_word' id='word_1_130' title='bbox 403 2261 493 2307; x_wconf 77' lang='lat' dir='ltr'>eterno</span> <span class='ocrx_word' id='word_1_131' title='bbox 509 2264 557 2307; x_wconf 79' lang='lat' dir='ltr'>etc</span> <span class='ocrx_word' id='word_1_132' title='bbox 581 2256 695 2315; x_wconf 79' lang='lat' dir='ltr'>AEtemr&#39;,</span> <span class='ocrx_word' id='word_1_133' title='bbox 748 2270 865 2320; x_wconf 77' lang='lat' dir='ltr'>turego,</span> <span class='ocrx_word' id='word_1_134' title='bbox 879 2272 958 2321; x_wconf 87' lang='lat' dir='ltr'>quam</span> <span class='ocrx_word' id='word_1_135' title='bbox 969 2254 1065 2306; x_wconf 87' lang='lat' dir='ltr'>meruit</span> <span class='ocrx_word' id='word_1_136' title='bbox 1076 2253 1138 2305; x_wconf 89' lang='lat' dir='ltr'>dare</span> <span class='ocrx_word' id='word_1_137' title='bbox 1151 2254 1248 2320; x_wconf 86' lang='lat' dir='ltr'>altera,</span> 
     </span>
     <span class='ocr_line' id='line_1_20' title="bbox 194 2329 1250 2401; baseline 0 -19"><span class='ocrx_word' id='word_1_138' title='bbox 194 2330 279 2401; x_wconf 87' lang='lat' dir='ltr'>prima</span> <span class='ocrx_word' id='word_1_139' title='bbox 291 2331 352 2383; x_wconf 89' lang='lat' dir='ltr'>edit.</span> <span class='ocrx_word' id='word_1_140' title='bbox 361 2330 416 2384; x_wconf 71' lang='lat' dir='ltr'>alie</span> <span class='ocrx_word' id='word_1_141' title='bbox 424 2350 530 2397; x_wconf 82' lang='lat' dir='ltr'>omnes,</span> <span class='ocrx_word' id='word_1_142' title='bbox 544 2341 570 2383; x_wconf 87' lang='lat' dir='ltr'>et</span> <span class='ocrx_word' id='word_1_143' title='bbox 583 2331 698 2384; x_wconf 83' lang='lat' dir='ltr'>melioris</span> <span class='ocrx_word' id='word_1_144' title='bbox 748 2348 852 2398; x_wconf 83' lang='lat' dir='ltr'>poenam</span> <span class='ocrx_word' id='word_1_145' title='bbox 872 2329 954 2382; x_wconf 87' lang='lat' dir='ltr'>dedi?</span> <span class='ocrx_word' id='word_1_146' title='bbox 977 2358 1010 2370; x_wconf 89' lang='lat'><em>-</em></span> <span class='ocrx_word' id='word_1_147' title='bbox 1028 2332 1066 2382; x_wconf 77' lang='lat' dir='ltr'>Et</span> <span class='ocrx_word' id='word_1_148' title='bbox 1080 2332 1178 2382; x_wconf 82' lang='lat' dir='ltr'>doluere</span> <span class='ocrx_word' id='word_1_149' title='bbox 1195 2336 1250 2382; x_wconf 80' lang='lat' dir='ltr'>mei.</span> 
     </span>
     <span class='ocr_line' id='line_1_21' title="bbox 194 2406 1252 2480; baseline -0.001 -18"><span class='ocrx_word' id='word_1_150' title='bbox 194 2409 240 2462; x_wconf 73' lang='lat' dir='ltr'>aevi</span> <span class='ocrx_word' id='word_1_151' title='bbox 251 2409 330 2463; x_wconf 86' lang='lat' dir='ltr'>MSS.</span> <span class='ocrx_word' id='word_1_152' title='bbox 338 2417 443 2471; x_wconf 78' lang='lat' dir='ltr'>eterno,</span> <span class='ocrx_word' id='word_1_153' title='bbox 457 2407 526 2478; x_wconf 89' lang='lat' dir='ltr'>quod</span> <span class='ocrx_word' id='word_1_154' title='bbox 536 2409 567 2463; x_wconf 85' lang='lat' dir='ltr'>sit</span> <span class='ocrx_word' id='word_1_155' title='bbox 574 2429 622 2480; x_wconf 87' lang='lat' dir='ltr'>pro</span> <span class='ocrx_word' id='word_1_156' title='bbox 629 2417 701 2463; x_wconf 78' lang='lat' dir='ltr'>eter-</span> <span class='ocrx_word' id='word_1_157' title='bbox 750 2407 899 2460; x_wconf 87' lang='lat' dir='ltr'>Puteaneus</span> <span class='ocrx_word' id='word_1_158' title='bbox 907 2407 1049 2474; x_wconf 85' lang='lat' dir='ltr'>alter,cum</span> <span class='ocrx_word' id='word_1_159' title='bbox 1058 2406 1148 2460; x_wconf 89' lang='lat' dir='ltr'>decern</span> <span class='ocrx_word' id='word_1_160' title='bbox 1159 2407 1213 2460; x_wconf 78' lang='lat' dir='ltr'>aliis</span> <span class='ocrx_word' id='word_1_161' title='bbox 1225 2418 1252 2461; x_wconf 91' lang='lat' dir='ltr'>et</span> 
     </span>
     <span class='ocr_line' id='line_1_22' title="bbox 142 2484 1253 2554; baseline 0 -15"><span class='ocrx_word' id='word_1_162' title='bbox 142 2502 145 2507; x_wconf 83' lang='lat'>·</span> <span class='ocrx_word' id='word_1_163' title='bbox 194 2507 267 2547; x_wconf 76' lang='lat' dir='ltr'>num,</span> <span class='ocrx_word' id='word_1_164' title='bbox 289 2497 318 2539; x_wconf 89' lang='lat' dir='ltr'>nt</span> <span class='ocrx_word' id='word_1_165' title='bbox 343 2487 440 2540; x_wconf 87' lang='lat' dir='ltr'>habent</span> <span class='ocrx_word' id='word_1_166' title='bbox 458 2488 519 2541; x_wconf 92' lang='lat' dir='ltr'>duo.</span> <span class='ocrx_word' id='word_1_167' title='bbox 538 2489 575 2541; x_wconf 85' lang='lat' dir='ltr'>lta</span> <span class='ocrx_word' id='word_1_168' title='bbox 600 2494 699 2550; x_wconf 74' lang='lat' dir='ltr'>tacito,</span> <span class='ocrx_word' id='word_1_169' title='bbox 750 2484 833 2554; x_wconf 88' lang='lat' dir='ltr'>prima</span> <span class='ocrx_word' id='word_1_170' title='bbox 845 2485 976 2552; x_wconf 85' lang='lat' dir='ltr'>editione,</span> <span class='ocrx_word' id='word_1_171' title='bbox 988 2504 1019 2537; x_wconf 78' lang='lat' dir='ltr'>ea</span> <span class='ocrx_word' id='word_1_172' title='bbox 1030 2487 1253 2539; x_wconf 64' lang='lat' dir='ltr'>dolueremciue-</span> 
     </span>
     <span class='ocr_line' id='line_1_23' title="bbox 199 2562 945 2638; baseline -0.004 -20"><span class='ocrx_word' id='word_1_173' title='bbox 199 2566 280 2634; x_wconf 68' lang='lat' dir='ltr'>Epeo.</span> <span class='ocrx_word' id='word_1_174' title='bbox 290 2582 359 2631; x_wconf 84' lang='lat' dir='ltr'>xm,</span> <span class='ocrx_word' id='word_1_175' title='bbox 371 2567 411 2638; x_wconf 78' lang='lat'>69.</span> <span class='ocrx_word' id='word_1_176' title='bbox 421 2567 453 2619; x_wconf 91' lang='lat' dir='ltr'>ln</span> <span class='ocrx_word' id='word_1_177' title='bbox 462 2567 555 2635; x_wconf 77' lang='lat' dir='ltr'>quibus</span> <span class='ocrx_word' id='word_1_178' title='bbox 564 2567 699 2632; x_wconf 78' lang='lat' dir='ltr'>omnibus,</span> <span class='ocrx_word' id='word_1_179' title='bbox 750 2574 836 2617; x_wconf 77' lang='lat' dir='ltr'>ruste.</span> <span class='ocrx_word' id='word_1_180' title='bbox 848 2562 945 2617; x_wconf 72' lang='lat' dir='ltr'>Burin.</span> 
     </span>
     <span class='ocr_line' id='line_1_24' title="bbox 197 2639 1250 2713; baseline -0.003 -19"><span class='ocrx_word' id='word_1_181' title='bbox 197 2650 317 2709; x_wconf 78' lang='lat' dir='ltr'>tempore,</span> <span class='ocrx_word' id='word_1_182' title='bbox 339 2643 380 2702; x_wconf 71' lang='lat' dir='ltr'>vel</span> <span class='ocrx_word' id='word_1_183' title='bbox 398 2643 481 2697; x_wconf 78' lang='lat' dir='ltr'>simile</span> <span class='ocrx_word' id='word_1_184' title='bbox 495 2644 558 2713; x_wconf 91' lang='lat' dir='ltr'>quid</span> <span class='ocrx_word' id='word_1_185' title='bbox 575 2644 703 2698; x_wconf 86' lang='lat' dir='ltr'>subintel·</span> <span class='ocrx_word' id='word_1_186' title='bbox 786 2641 823 2694; x_wconf 76' lang='lat'>16.</span> <span class='ocrx_word' id='word_1_187' title='bbox 839 2645 952 2695; x_wconf 60' lang='lat' dir='ltr'>Alterius</span> <span class='ocrx_word' id='word_1_188' title='bbox 962 2646 1050 2693; x_wconf 75' lang='lat' dir='ltr'>mercii.</span> <span class='ocrx_word' id='word_1_189' title='bbox 1065 2641 1165 2693; x_wconf 59' lang='lat' dir='ltr'>mritis</span> <span class='ocrx_word' id='word_1_190' title='bbox 1178 2639 1250 2709; x_wconf 89' lang='lat' dir='ltr'>opti·</span> 
     </span>
     <span class='ocr_line' id='line_1_25' title="bbox 196 2717 1252 2788; baseline -0.001 -19"><span class='ocrx_word' id='word_1_191' title='bbox 196 2719 341 2788; x_wconf 82' lang='lat' dir='ltr'>ligendum.</span> <span class='ocrx_word' id='word_1_192' title='bbox 352 2746 385 2761; x_wconf 90' lang='lat'>-·</span> <span class='ocrx_word' id='word_1_193' title='bbox 397 2720 501 2774; x_wconf 85' lang='lat' dir='ltr'>Eodem</span> <span class='ocrx_word' id='word_1_194' title='bbox 513 2723 568 2774; x_wconf 86' lang='lat' dir='ltr'>sere</span> <span class='ocrx_word' id='word_1_195' title='bbox 581 2720 662 2774; x_wconf 89' lang='lat' dir='ltr'>modo</span> <span class='ocrx_word' id='word_1_196' title='bbox 674 2721 701 2773; x_wconf 91' lang='lat' dir='ltr'>in</span> <span class='ocrx_word' id='word_1_197' title='bbox 751 2737 810 2773; x_wconf 76' lang='lat' dir='ltr'>mus</span> <span class='ocrx_word' id='word_1_198' title='bbox 823 2718 955 2772; x_wconf 74' lang='lat' dir='ltr'>Palatinus</span> <span class='ocrx_word' id='word_1_199' title='bbox 967 2729 994 2770; x_wconf 88' lang='lat' dir='ltr'>et</span> <span class='ocrx_word' id='word_1_200' title='bbox 1007 2737 1074 2770; x_wconf 87' lang='lat' dir='ltr'>unus</span> <span class='ocrx_word' id='word_1_201' title='bbox 1090 2717 1196 2770; x_wconf 85' lang='lat' dir='ltr'>Moreti.</span> <span class='ocrx_word' id='word_1_202' title='bbox 1216 2718 1252 2770; x_wconf 89' lang='lat' dir='ltr'>H.</span> 
     </span>
     <span class='ocr_line' id='line_1_26' title="bbox 197 2796 1253 2867; baseline -0.002 -18"><span class='ocrx_word' id='word_1_203' title='bbox 197 2796 313 2852; x_wconf 85' lang='lat' dir='ltr'>Barincn</span> <span class='ocrx_word' id='word_1_204' title='bbox 327 2799 394 2851; x_wconf 88' lang='lat' dir='ltr'>Hor.</span> <span class='ocrx_word' id='word_1_205' title='bbox 405 2799 553 2865; x_wconf 84' lang='lat' dir='ltr'>invehitur,</span> <span class='ocrx_word' id='word_1_206' title='bbox 566 2815 602 2867; x_wconf 84' lang='lat' dir='ltr'>rt,</span> <span class='ocrx_word' id='word_1_207' title='bbox 613 2798 702 2856; x_wconf 74' lang='lat' dir='ltr'>otu:</span> <span class='ocrx_word' id='word_1_208' title='bbox 786 2816 830 2864; x_wconf 85' lang='lat'>17,</span> <span class='ocrx_word' id='word_1_209' title='bbox 847 2798 883 2848; x_wconf 81' lang='lat'>18.</span> <span class='ocrx_word' id='word_1_210' title='bbox 901 2797 941 2848; x_wconf 81' lang='lat' dir='ltr'>At</span> <span class='ocrx_word' id='word_1_211' title='bbox 950 2815 1000 2848; x_wconf 77' lang='lat' dir='ltr'>nor</span> <span class='ocrx_word' id='word_1_212' title='bbox 1014 2799 1113 2848; x_wconf 74' lang='lat' dir='ltr'>irrr‘drie</span> <span class='ocrx_word' id='word_1_213' title='bbox 1124 2798 1195 2848; x_wconf 60' lang='lat' dir='ltr'>vobit</span> <span class='ocrx_word' id='word_1_214' title='bbox 1206 2805 1253 2847; x_wconf 68' lang='lat' dir='ltr'>etr⁴</span> 
     </span>
     <span class='ocr_line' id='line_1_27' title="bbox 248 2871 1252 2941; baseline -0.003 -13"><span class='ocrx_word' id='word_1_215' title='bbox 248 2890 319 2928; x_wconf 68' lang='lat' dir='ltr'>uun-1</span> <span class='ocrx_word' id='word_1_216' title='bbox 328 2890 378 2938; x_wconf 73' lang='lat' dir='ltr'>juris</span> <span class='ocrx_word' id='word_1_217' title='bbox 387 2888 423 2926; x_wconf 75' lang='lat' dir='ltr'>titi</span> <span class='ocrx_word' id='word_1_218' title='bbox 431 2889 512 2940; x_wconf 60' lang='lat' dir='ltr'>pejor-u</span> <span class='ocrx_word' id='word_1_219' title='bbox 753 2871 838 2941; x_wconf 69' lang='lat' dir='ltr'>Quasi</span> <span class='ocrx_word' id='word_1_220' title='bbox 851 2872 937 2926; x_wconf 82' lang='lat' dir='ltr'>dicat:</span> <span class='ocrx_word' id='word_1_221' title='bbox 954 2891 987 2924; x_wconf 87' lang='lat' dir='ltr'>an</span> <span class='ocrx_word' id='word_1_222' title='bbox 1001 2892 1056 2928; x_wconf 89' lang='lat' dir='ltr'>non</span> <span class='ocrx_word' id='word_1_223' title='bbox 1070 2874 1143 2940; x_wconf 78' lang='lat' dir='ltr'>satis,</span> <span class='ocrx_word' id='word_1_224' title='bbox 1160 2893 1176 2925; x_wconf 94' lang='lat' dir='ltr'>o</span> <span class='ocrx_word' id='word_1_225' title='bbox 1190 2874 1252 2938; x_wconf 86' lang='lat' dir='ltr'>Dii,</span> 
     </span>
     <span class='ocr_line' id='line_1_28' title="bbox 246 2944 1253 3017; baseline 0.004 -16"><span class='ocrx_word' id='word_1_226' title='bbox 246 2961 408 3010; x_wconf 54' lang='lat' dir='ltr'>remmom,</span> <span class='ocrx_word' id='word_1_227' title='bbox 422 2962 628 3012; x_wconf 67' lang='lat' dir='ltr'>uoediuiunqm:</span> <span class='ocrx_word' id='word_1_228' title='bbox 738 2978 744 3003; x_wconf 66' lang='lat' dir='ltr'>i</span> <span class='ocrx_word' id='word_1_229' title='bbox 751 2944 856 3002; x_wconf 72' lang='lat' dir='ltr'>invidiae</span> <span class='ocrx_word' id='word_1_230' title='bbox 871 2949 899 3001; x_wconf 91' lang='lat' dir='ltr'>in</span> <span class='ocrx_word' id='word_1_231' title='bbox 916 2968 962 3002; x_wconf 82' lang='lat' dir='ltr'>voa</span> <span class='ocrx_word' id='word_1_232' title='bbox 977 2961 1004 3002; x_wconf 90' lang='lat' dir='ltr'>et</span> <span class='ocrx_word' id='word_1_233' title='bbox 1020 2951 1073 3003; x_wconf 91' lang='lat' dir='ltr'>odii</span> <span class='ocrx_word' id='word_1_234' title='bbox 1092 2952 1253 3017; x_wconf 72' lang='lat' dir='ltr'>concitastis,</span> 
     </span>
     <span class='ocr_line' id='line_1_29' title="bbox 246 3026 1256 3095; baseline 0.004 -19"><span class='ocrx_word' id='word_1_235' title='bbox 246 3034 556 3085; x_wconf 58' lang='grc' dir='ltr'>οεπωῑηῑμοεεωμοιω</span> <span class='ocrx_word' id='word_1_236' title='bbox 752 3026 797 3095; x_wconf 88' lang='lat' dir='ltr'>qui</span> <span class='ocrx_word' id='word_1_237' title='bbox 815 3037 868 3079; x_wconf 87' lang='lat' dir='ltr'>tam</span> <span class='ocrx_word' id='word_1_238' title='bbox 887 3026 983 3093; x_wconf 83' lang='lat' dir='ltr'>injuste</span> <span class='ocrx_word' id='word_1_239' title='bbox 995 3026 1195 3081; x_wconf 79' lang='lat' dir='ltr'>Andromedam</span> <span class='ocrx_word' id='word_1_240' title='bbox 1210 3048 1256 3080; x_wconf 83' lang='lat' dir='ltr'>su·</span> 
     </span>
     <span class='ocr_line' id='line_1_30' title="bbox 323 3103 1256 3176; baseline 0.002 -18"><span class='ocrx_word' id='word_1_241' title='bbox 323 3107 409 3158; x_wconf 70' lang='lat' dir='ltr'>rurpiar</span> <span class='ocrx_word' id='word_1_242' title='bbox 417 3108 488 3157; x_wconf 63' lang='lat' dir='ltr'>ungui,</span> <span class='ocrx_word' id='word_1_243' title='bbox 753 3103 848 3174; x_wconf 78' lang='lat' dir='ltr'>perbiae</span> <span class='ocrx_word' id='word_1_244' title='bbox 860 3114 986 3157; x_wconf 77' lang='lat' dir='ltr'>maternae</span> <span class='ocrx_word' id='word_1_245' title='bbox 996 3124 1084 3174; x_wconf 73' lang='lat' dir='ltr'>peenas</span> <span class='ocrx_word' id='word_1_246' title='bbox 1095 3106 1156 3159; x_wconf 86' lang='lat' dir='ltr'>dare</span> <span class='ocrx_word' id='word_1_247' title='bbox 1167 3107 1256 3176; x_wconf 75' lang='lat' dir='ltr'>jussia-</span> 
     </span>
     <span class='ocr_line' id='line_1_31' title="bbox 250 3180 1125 3255; baseline 0.003 -22"><span class='ocrx_word' id='word_1_248' title='bbox 250 3181 368 3220; x_wconf 61' lang='lat' dir='ltr'>crederem:</span> <span class='ocrx_word' id='word_1_249' title='bbox 752 3180 803 3234; x_wconf 78' lang='lat' dir='ltr'>tia?</span> <span class='ocrx_word' id='word_1_250' title='bbox 816 3181 1047 3250; x_wconf 76' lang='lat' dir='ltr'>Metamorph.1v,</span> <span class='ocrx_word' id='word_1_251' title='bbox 1061 3183 1125 3255; x_wconf 74' lang='lat'>669:</span> 
     </span>
     <span class='ocr_line' id='line_1_32' title="bbox 201 3263 1220 3336; baseline -0.005 -20"><span class='ocrx_word' id='word_1_252' title='bbox 201 3264 237 3316; x_wconf 85' lang='lat' dir='ltr'>Et</span> <span class='ocrx_word' id='word_1_253' title='bbox 244 3263 346 3334; x_wconf 78' lang='lat' dir='ltr'>longina</span> <span class='ocrx_word' id='word_1_254' title='bbox 355 3263 462 3333; x_wconf 89' lang='lat' dir='ltr'>quidem</span> <span class='ocrx_word' id='word_1_255' title='bbox 470 3263 567 3318; x_wconf 80' lang='lat' dir='ltr'>Ouidio</span> <span class='ocrx_word' id='word_1_256' title='bbox 575 3263 704 3336; x_wconf 83' lang='lat' dir='ltr'>procedit;</span> <span class='ocrx_word' id='word_1_257' title='bbox 836 3271 954 3309; x_wconf 69' lang='lat' dir='ltr'>tumetium</span> <span class='ocrx_word' id='word_1_258' title='bbox 962 3279 1051 3311; x_wconf 70' lang='lat' dir='ltr'>mntem·</span> <span class='ocrx_word' id='word_1_259' title='bbox 1057 3273 1141 3324; x_wconf 69' lang='lat' dir='ltr'>ponder·</span> <span class='ocrx_word' id='word_1_260' title='bbox 1151 3275 1220 3324; x_wconf 63' lang='lat' dir='ltr'>ungu</span> 
     </span>
     <span class='ocr_line' id='line_1_33' title="bbox 201 3325 1255 3414; baseline 0.004 -32"><span class='ocrx_word' id='word_1_261' title='bbox 201 3325 322 3414; x_wconf 42' lang='lat' dir='ltr'>potinus</span> <span class='ocrx_word' id='word_1_262' title='bbox 335 3343 407 3397; x_wconf 66' lang='lat' dir='ltr'>enim</span> <span class='ocrx_word' id='word_1_263' title='bbox 420 3342 492 3396; x_wconf 63' lang='lat' dir='ltr'>addit</span> <span class='ocrx_word' id='word_1_264' title='bbox 504 3358 510 3391; x_wconf 78' lang='lat'>2</span> <span class='ocrx_word' id='word_1_265' title='bbox 753 3343 896 3383; x_wconf 59' lang='lat' dir='ltr'>Androm„</span> <span class='ocrx_word' id='word_1_266' title='bbox 904 3357 968 3394; x_wconf 75' lang='lat' dir='ltr'>pem</span> <span class='ocrx_word' id='word_1_267' title='bbox 979 3345 1064 3396; x_wconf 74' lang='lat' dir='ltr'>injuram</span> <span class='ocrx_word' id='word_1_268' title='bbox 1073 3347 1157 3397; x_wconf 69' lang='lat' dir='ltr'>jussani</span> <span class='ocrx_word' id='word_1_269' title='bbox 1163 3347 1255 3386; x_wconf 72' lang='lat' dir='ltr'>Ammon</span> 
     </span>
     <span class='ocr_line' id='line_1_34' title="bbox 366 3417 1257 3491; baseline 0.001 -19.962"><span class='ocrx_word' id='word_1_270' title='bbox 366 3434 403 3472; x_wconf 75' lang='lat' dir='ltr'>Sed</span> <span class='ocrx_word' id='word_1_271' title='bbox 410 3433 499 3472; x_wconf 68' lang='lat' dir='ltr'>insimul</span> <span class='ocrx_word' id='word_1_272' title='bbox 506 3433 596 3483; x_wconf 64' lang='lat' dir='ltr'>obligant</span> <span class='ocrx_word' id='word_1_273' title='bbox 754 3445 787 3457; x_wconf 89' lang='lat'>-</span> <span class='ocrx_word' id='word_1_274' title='bbox 798 3417 868 3470; x_wconf 79' lang='lat' dir='ltr'>Male</span> <span class='ocrx_word' id='word_1_275' title='bbox 868 3418 992 3486; x_wconf 68' lang='lat' dir='ltr'>[ramosa.</span> <span class='ocrx_word' id='word_1_276' title='bbox 1001 3420 1105 3474; x_wconf 77' lang='lat' dir='ltr'>Formae</span> <span class='ocrx_word' id='word_1_277' title='bbox 1113 3420 1257 3491; x_wconf 85' lang='lat' dir='ltr'>pulchritu-</span> 
     </span>
     <span class='ocr_line' id='line_1_35' title="bbox 249 3496 1258 3571; baseline 0.009 -25"><span class='ocrx_word' id='word_1_278' title='bbox 249 3506 345 3546; x_wconf 79' lang='lat' dir='ltr'>l’eifidum</span> <span class='ocrx_word' id='word_1_279' title='bbox 354 3507 578 3557; x_wconf 73' lang='lat' dir='ltr'>votieeaput3enitarcie</span> <span class='ocrx_word' id='word_1_280' title='bbox 754 3496 816 3550; x_wconf 75' lang='lat' dir='ltr'>(line</span> <span class='ocrx_word' id='word_1_281' title='bbox 828 3498 941 3551; x_wconf 78' lang='lat' dir='ltr'>nimium</span> <span class='ocrx_word' id='word_1_282' title='bbox 952 3498 1018 3554; x_wconf 62' lang='lat' dir='ltr'>elain</span> <span class='ocrx_word' id='word_1_283' title='bbox 1032 3499 1179 3571; x_wconf 70' lang='lat' dir='ltr'>Calliopea,</span> <span class='ocrx_word' id='word_1_284' title='bbox 1193 3502 1258 3554; x_wconf 68' lang='lat' dir='ltr'>An-</span> 
     </span>
     <span class='ocr_line' id='line_1_36' title="bbox 249 3574 1257 3649; baseline 0.005 -23"><span class='ocrx_word' id='word_1_285' title='bbox 249 3580 466 3621; x_wconf 68' lang='lat' dir='ltr'>t&#39;utchriormultoetc·</span> <span class='ocrx_word' id='word_1_286' title='bbox 756 3574 889 3629; x_wconf 65' lang='lat' dir='ltr'>dromeda</span> <span class='ocrx_word' id='word_1_287' title='bbox 907 3586 1011 3645; x_wconf 87' lang='lat' dir='ltr'>mater,</span> <span class='ocrx_word' id='word_1_288' title='bbox 1036 3579 1212 3649; x_wconf 82' lang='lat' dir='ltr'>pulchriorem</span> <span class='ocrx_word' id='word_1_289' title='bbox 1231 3598 1257 3631; x_wconf 77' lang='lat' dir='ltr'>ae</span> 
     </span>
     <span class='ocr_line' id='line_1_37' title="bbox 235 3653 1259 3722; baseline 0.004 -16"><span class='ocrx_word' id='word_1_290' title='bbox 235 3674 273 3706; x_wconf 86' lang='lat' dir='ltr'>ra.</span> <span class='ocrx_word' id='word_1_291' title='bbox 292 3657 427 3721; x_wconf 77' lang='lat' dir='ltr'>Famaque</span> <span class='ocrx_word' id='word_1_292' title='bbox 449 3671 537 3704; x_wconf 74' lang='lat' dir='ltr'>numer</span> <span class='ocrx_word' id='word_1_293' title='bbox 554 3655 635 3705; x_wconf 80' lang='lat' dir='ltr'>habet.</span> <span class='ocrx_word' id='word_1_294' title='bbox 659 3654 707 3708; x_wconf 84' lang='lat' dir='ltr'>Jus</span> <span class='ocrx_word' id='word_1_295' title='bbox 758 3653 912 3708; x_wconf 78' lang='lat' dir='ltr'>Nereidibus</span> <span class='ocrx_word' id='word_1_296' title='bbox 923 3655 1101 3722; x_wconf 70' lang='lat' dir='ltr'>jactitarent:</span> <span class='ocrx_word' id='word_1_297' title='bbox 1118 3657 1179 3710; x_wconf 85' lang='lat' dir='ltr'>inde</span> <span class='ocrx_word' id='word_1_298' title='bbox 1198 3657 1259 3710; x_wconf 87' lang='lat' dir='ltr'>Ne-</span> 
     </span>
     <span class='ocr_line' id='line_1_38' title="bbox 201 3728 1308 3801; baseline 0.003 -20"><span class='ocrx_word' id='word_1_299' title='bbox 201 3728 334 3799; x_wconf 86' lang='lat' dir='ltr'>quoddam</span> <span class='ocrx_word' id='word_1_300' title='bbox 343 3740 369 3782; x_wconf 89' lang='lat' dir='ltr'>et</span> <span class='ocrx_word' id='word_1_301' title='bbox 381 3739 538 3800; x_wconf 74' lang='lat' dir='ltr'>potestatem</span> <span class='ocrx_word' id='word_1_302' title='bbox 550 3729 578 3782; x_wconf 89' lang='lat' dir='ltr'>in</span> <span class='ocrx_word' id='word_1_303' title='bbox 589 3730 660 3785; x_wconf 75' lang='lat' dir='ltr'>Deos</span> <span class='ocrx_word' id='word_1_304' title='bbox 671 3731 708 3801; x_wconf 89' lang='lat' dir='ltr'>ip·</span> <span class='ocrx_word' id='word_1_305' title='bbox 757 3731 859 3785; x_wconf 88' lang='lat' dir='ltr'>reidum</span> <span class='ocrx_word' id='word_1_306' title='bbox 872 3731 924 3785; x_wconf 76' lang='lat' dir='ltr'>irae.</span> <span class='ocrx_word' id='word_1_307' title='bbox 935 3733 1005 3786; x_wconf 89' lang='lat' dir='ltr'>Nota</span> <span class='ocrx_word' id='word_1_308' title='bbox 1017 3735 1077 3788; x_wconf 78' lang='lat' dir='ltr'>eatis</span> <span class='ocrx_word' id='word_1_309' title='bbox 1089 3733 1191 3796; x_wconf 84' lang='lat' dir='ltr'>sabula;</span> <span class='ocrx_word' id='word_1_310' title='bbox 1211 3733 1259 3785; x_wconf 74' lang='lat' dir='ltr'>aed</span> <span class='ocrx_word' id='word_1_311' title='bbox 1304 3786 1308 3793; x_wconf 58' lang='grc'><strong>,</strong></span> 
     </span>
     <span class='ocr_line' id='line_1_39' title="bbox 200 3804 1259 3881; baseline 0.003 -26"><span class='ocrx_word' id='word_1_312' title='bbox 200 3821 241 3856; x_wconf 75' lang='lat' dir='ltr'>soa</span> <span class='ocrx_word' id='word_1_313' title='bbox 261 3804 379 3872; x_wconf 84' lang='lat' dir='ltr'>habent,</span> <span class='ocrx_word' id='word_1_314' title='bbox 404 3826 461 3876; x_wconf 73' lang='lat' dir='ltr'>que</span> <span class='ocrx_word' id='word_1_315' title='bbox 480 3807 609 3863; x_wconf 69' lang='lat' dir='ltr'>formose.</span> <span class='ocrx_word' id='word_1_316' title='bbox 633 3807 705 3863; x_wconf 90' lang='lat' dir='ltr'>Hinc</span> <span class='ocrx_word' id='word_1_317' title='bbox 754 3809 810 3862; x_wconf 90' lang='lat' dir='ltr'>noti</span> <span class='ocrx_word' id='word_1_318' title='bbox 821 3809 926 3875; x_wconf 81' lang='lat' dir='ltr'>minua,</span> <span class='ocrx_word' id='word_1_319' title='bbox 939 3820 965 3863; x_wconf 89' lang='lat' dir='ltr'>et</span> <span class='ocrx_word' id='word_1_320' title='bbox 978 3809 1118 3881; x_wconf 73' lang='lat' dir='ltr'>digniaane</span> <span class='ocrx_word' id='word_1_321' title='bbox 1131 3808 1259 3876; x_wconf 88' lang='lat' dir='ltr'>quiinno·</span> 
     </span>
     <span class='ocr_line' id='line_1_40' title="bbox 135 3884 1259 3958; baseline -0.003 -18"><span class='ocrx_word' id='word_1_322' title='bbox 135 3902 139 3908; x_wconf 90' lang='lat'>·</span> <span class='ocrx_word' id='word_1_323' title='bbox 201 3903 263 3940; x_wconf 76' lang='lat' dir='ltr'>sane</span> <span class='ocrx_word' id='word_1_324' title='bbox 276 3885 371 3940; x_wconf 86' lang='lat' dir='ltr'>Tibull.</span> <span class='ocrx_word' id='word_1_325' title='bbox 384 3903 410 3953; x_wconf 90' lang='lat'>1,</span> <span class='ocrx_word' id='word_1_326' title='bbox 425 3888 497 3958; x_wconf 74' lang='lat' dir='ltr'>Eleg.</span> <span class='ocrx_word' id='word_1_327' title='bbox 510 3905 542 3955; x_wconf 90' lang='lat' dir='ltr'>x,</span> <span class='ocrx_word' id='word_1_328' title='bbox 555 3891 570 3941; x_wconf 84' lang='lat'>5</span> <span class='ocrx_word' id='word_1_329' title='bbox 584 3905 590 3938; x_wconf 94' lang='lat'><strong>:</strong></span> <span class='ocrx_word' id='word_1_330' title='bbox 753 3895 867 3954; x_wconf 67' lang='lat' dir='ltr'>terrant,</span> <span class='ocrx_word' id='word_1_331' title='bbox 877 3887 979 3941; x_wconf 84' lang='lat' dir='ltr'>Manilii</span> <span class='ocrx_word' id='word_1_332' title='bbox 991 3901 1093 3941; x_wconf 71' lang='lat' dir='ltr'>verius:</span> <span class='ocrx_word' id='word_1_333' title='bbox 1106 3903 1170 3955; x_wconf 79' lang='lat' dir='ltr'>quoa</span> <span class='ocrx_word' id='word_1_334' title='bbox 1182 3884 1259 3937; x_wconf 84' lang='lat' dir='ltr'>lecto-</span> 
     </span>
     <span class='ocr_line' id='line_1_41' title="bbox 201 3964 1258 4041; baseline 0.007 -34"><span class='ocrx_word' id='word_1_335' title='bbox 201 3971 387 4020; x_wconf 70' lang='lat' dir='ltr'>Peraite,eelaateal</span> <span class='ocrx_word' id='word_1_336' title='bbox 397 3985 510 4026; x_wconf 73' lang='lat' dir='ltr'>nquirmeat</span> <span class='ocrx_word' id='word_1_337' title='bbox 520 3977 664 4028; x_wconf 65' lang='lat' dir='ltr'>impunitior·</span> <span class='ocrx_word' id='word_1_338' title='bbox 755 3986 813 4020; x_wconf 78' lang='lat' dir='ltr'>rem</span> <span class='ocrx_word' id='word_1_339' title='bbox 826 3966 896 4020; x_wconf 73' lang='lat' dir='ltr'>adire</span> <span class='ocrx_word' id='word_1_340' title='bbox 908 3987 963 4020; x_wconf 81' lang='lat' dir='ltr'>non</span> <span class='ocrx_word' id='word_1_341' title='bbox 978 3965 1091 4037; x_wconf 66' lang='lat' dir='ltr'>pigebit,</span> <span class='ocrx_word' id='word_1_342' title='bbox 1106 3964 1258 4041; x_wconf 63' lang='lat' dir='ltr'>Aslfflnprn.</span> 
     </span>
     <span class='ocr_line' id='line_1_42' title="bbox 227 4041 1260 4113; baseline 0.013 -31"><span class='ocrx_word' id='word_1_343' title='bbox 227 4042 484 4088; x_wconf 69' lang='lat' dir='ltr'>Nmmfomoiiitnaae</span> <span class='ocrx_word' id='word_1_344' title='bbox 492 4057 556 4089; x_wconf 71' lang='lat' dir='ltr'>vostra</span> <span class='ocrx_word' id='word_1_345' title='bbox 567 4051 631 4090; x_wconf 69' lang='lat' dir='ltr'>mi.</span> <span class='ocrx_word' id='word_1_346' title='bbox 756 4063 782 4110; x_wconf 68' lang='grc' dir='ltr'>ι,</span> <span class='ocrx_word' id='word_1_347' title='bbox 796 4047 861 4112; x_wconf 70' lang='lat'>35⁰5</span> <span class='ocrx_word' id='word_1_348' title='bbox 873 4063 900 4111; x_wconf 82' lang='lat' dir='ltr'>v,</span> <span class='ocrx_word' id='word_1_349' title='bbox 914 4046 977 4112; x_wconf 75' lang='lat'>536,</span> <span class='ocrx_word' id='word_1_350' title='bbox 989 4062 1044 4113; x_wconf 82' lang='lat' dir='ltr'><strong>sqq.</strong></span> <span class='ocrx_word' id='word_1_351' title='bbox 1056 4041 1199 4112; x_wconf 68' lang='lat' dir='ltr'>scripserat</span> <span class='ocrx_word' id='word_1_352' title='bbox 1208 4042 1260 4095; x_wconf 78' lang='lat' dir='ltr'>Eu·</span> 
     </span>
    </p>
   </div>
   <div class='ocr_carea' id='block_1_6' title="bbox 0 0 1427 4702">
    <p class='ocr_par' dir='ltr' id='par_1_6' title="bbox 0 0 1427 4702">
     <span class='ocr_line' id='line_1_43' title="bbox 0 0 1427 4702; baseline 0 0"><span class='ocrx_word' id='word_1_353' title='bbox 0 0 1427 4702; x_wconf 95' lang='lat' dir='ltr'> </span> 
     </span>
    </p>
   </div>
  </div>
 </body>
</html>
