2798 4702
191 320 252 410 178
468 315 507 380 Ρ.
537 305 719 383 ovrnn
740 313 972 385 nssoars

184 456 283 529 Nunc
299 452 369 526 ruis
387 451 546 553 opposito
563 451 697 526 nivibus
713 451 754 526 de
770 471 884 528 monte
902 453 1039 543 solutis,

231 573 277 644 Et
297 569 386 670 turpi
404 597 528 643 crassas
545 568 675 663 gurgite
693 567 798 645 volvis
817 599 929 671 aquas.

185 689 279 786 Quid
293 714 486 787 properasse
502 685 620 784 juvat?
637 684 719 785 quid
738 713 835 787 parca
852 685 982 760 dedisse
997 686 1101 788 quieti

231 804 423 903 Tempora?
439 799 521 902 quid
537 801 628 874 nocti
646 803 853 877 conseruisse
872 802 985 877 diem?
1227 844 1256 877 n·

185 921 222 995 si
240 938 349 993 tamen
364 918 420 990 hio
437 915 609 1004 standum,
628 917 743 990 sinon
760 916 859 991 datur
872 918 1001 992 artibus
1018 917 1097 993 ullis

232 1031 381 1107 Ulterior
397 1047 513 1103 nostro
530 1030 603 1130 ripa
619 1031 799 1130 premenda
814 1033 916 1134 pedi?

185 1154 284 1227 Nune
298 1176 378 1244 ego,
395 1175 477 1246 quas
491 1145 613 1218 habuit
630 1174 757 1247 pennas
774 1147 941 1221 Danaeius
956 1147 1075 1255 heros,

234 1264 393 1340 Terribili
410 1264 549 1336 densum
568 1253 672 1362 quum
689 1260 768 1335 tulit
783 1291 889 1358 angue
906 1282 1026 1364 capnt;

186 1386 285 1457 Nunc
300 1399 381 1482 opto
399 1406 550 1464 currum,
566 1377 607 1451 de
625 1407 693 1478 quo
713 1378 858 1453 Cerealia
874 1381 1021 1480 primurn
1225 1403 1257 1487 .¹⁵

234 1496 367 1570 Semina
383 1509 544 1566 venerunt
562 1491 596 1563 in
616 1491 699 1565 rude
716 1493 817 1565 missa
835 1491 955 1566 solum.

187 1611 387 1706 Prodigiosa
401 1606 526 1707 loquor
540 1622 687 1678 veterum
699 1605 869 1681 mendacia
886 1625 1014 1694 vatum3

236 1739 306 1809 Nec
321 1733 398 1806 tulit
409 1731 478 1804 haec
494 1757 662 1828 unquam,
680 1758 741 1804 nec
758 1728 841 1804 feret
856 1728 925 1804 ulla
942 1732 1022 1805 dies.

224 1975 246 2024 7.
262 1956 383 2020 Opposita
391 1953 423 2005 de
431 1957 521 2003 noete.
532 1949 652 2003 Fortasse
664 1949 698 2002 de
747 1948 830 2016 disse,
842 1959 873 2002 ut
884 1948 991 2002 nullum
1003 1951 1057 2005 sere
1068 1953 1258 2009 intervalluma

190 2031 299 2084 Soracte
317 2028 456 2098 intelligit,
477 2026 511 2081 de
529 2045 583 2096 quo
601 2029 698 2081 Horat.
746 2029 805 2084 luce
823 2040 930 2084 noctem
942 2029 1148 2098 discriminant,
1162 2045 1189 2087 et
1200 2037 1258 2088 ses-

190 2112 233 2165 tib.
246 2126 272 2176 t,
286 2108 339 2164 Od.
351 2129 382 2182 9,
396 2128 420 2160 v.
435 2129 444 2160 1
457 2147 464 2174 ‚
478 2108 532 2161 ait:
747 2109 846 2162 tinaret
857 2110 956 2179 pariter
969 2108 1097 2178 Ovidius,
1111 2123 1258 2185 postumus

214 2192 288 2239 Vides,
302 2199 323 2230 ut
330 2191 370 2230 alte
378 2198 415 2229 stet
422 2191 468 2228 saiva
475 2189 580 2228 candidum
587 2191 672 2229 eomas.
746 2187 831 2240 viator
841 2197 868 2240 et
878 2186 997 2241 dimum,

192 2267 239 2321 Est
247 2276 336 2319 autem
347 2264 389 2318 laic
398 2282 475 2316 mous
484 2263 578 2333 (utlib.
590 2278 624 2325 v,
636 2263 699 2316 scri·
782 2265 820 2318 13.
840 2267 915 2318 Nunc
933 2284 995 2333 effe,
1016 2283 1079 2335 quas
1096 2266 1188 2317 debuit
1208 2276 1258 2319 etc.

189 2347 228 2400 bit
245 2344 352 2410 Strabo)
371 2343 442 2411 juxta
454 2340 612 2394 Flaminiam
628 2340 699 2394 viam
749 2342 861 2414 Exoptat
878 2344 946 2410 sibi,
969 2342 1002 2396 ad
1020 2341 1180 2396 tranaodum
1199 2342 1258 2396 tlu-

190 2426 218 2478 in
224 2422 361 2481 Phaliseis,
371 2419 443 2474 unde
449 2417 561 2473 oriunda
568 2429 625 2473 erat
634 2438 699 2471 uxor
747 2423 837 2493 rium,
855 2424 896 2478 vel
905 2442 1017 2492 manee,
1038 2423 1128 2478 talaria
1139 2424 1238 2479 seilicet
1249 2466 1257 2491 ,

191 2502 321 2568 Nasonis,
340 2511 369 2554 ut
381 2500 434 2568 ipse
446 2499 555 2552 inferius
569 2498 699 2554 ostendet.
750 2522 807 2573 quae
832 2504 969 2574 quondam
990 2505 1089 2558 Perseo
1107 2505 1260 2561 Mercurius

190 2586 270 2638 ntus.
280 2583 362 2636 Hunc
370 2591 491 2633 montem
502 2578 629 2633 Ciolanus
639 2581 701 2632 Ha·
750 2583 911 2652 tradiderat,
934 2585 1009 2652 cujus
1031 2603 1081 2653 ope
1111 2585 1193 2639 fretus
1215 2585 1259 2640 ille

184 2665 277 2733 sellam
288 2672 380 2725 vocat,
399 2660 443 2728 qui
454 2679 526 2712 nunc
537 2665 619 2711 monle
630 2662 661 2711 de·
675 2660 700 2712 S.
749 2671 902 2716 truncatum
923 2661 1044 2716 lllednsoe
1064 2672 1161 2731 caput,
1187 2662 1257 2731 quod

192 2742 310 2792 Silvestre
325 2735 471 2805 adpellatur
488 2755 494 2788 :
510 2734 554 2788 sed
570 2734 701 2787 dubitan-
750 2739 857 2807 quidem
871 2751 910 2793 tot
921 2750 1075 2809 serpentes,
1094 2750 1159 2808 quot
1174 2740 1259 2809 capilli

193 2818 258 2870 dum
271 2835 304 2868 an
320 2812 352 2866 de
365 2812 474 2865 Soracte
487 2810 620 2878 intelligat.
750 2818 952 2885 horrificabant,
976 2840 1024 2889 per
1050 2839 1109 2874 aera
1136 2821 1259 2876 abstulit:

225 2894 249 2946 8.
266 2895 465 2958 Turpicrassas.
480 2885 571 2939 Codex
583 2886 699 2954 Mureti,
750 2897 791 2950 vel
809 2917 905 2950 cmm
921 2897 1077 2966 Triptolemi
1088 2939 1096 2964 ‚
1120 2900 1165 2967 qui
1186 2903 1259 2952 mdes

193 2977 315 3034 emissan
329 2963 644 3032 sorte,sp1'ssas.Hss11ts-
751 2971 836 3024 adhuc
852 2973 1018 3040 agriculturae
1028 2975 1152 3028 mortales
1160 2977 1261 3045 primus

225 3067 249 3120 9.
266 3047 336 3111 Quid
340 3062 421 3112 parca
432 3044 532 3094 dedisse
539 3045 617 3108 quieti
631 3042 702 3092 Tem-
752 3046 865 3101 edocuit,

189 3142 263 3194 pore.
287 3121 358 3175 Alias
376 3119 489 3190 tegitur,
509 3137 595 3187 pauca
611 3127 701 3171 :recle
786 3130 823 3180 15.
840 3130 912 3195 Opto,
923 3127 1011 3195 Malo,
1021 3136 1110 3196 optem.
1121 3129 1259 3196 Tristtu,

193 3199 702 3272 utrumqueMtnl’aroalibriquatuor.
751 3223 818 3273 vm,
837 3226 846 3258 ι
862 3222 868 3255 :

192 3283 503 3336 Parcal'uteaneuscum
510 3277 597 3330 Jureti
605 3286 631 3328 et
640 3274 703 3328 Sca·
750 3296 810 3337 ram
824 3310 860 3347 ῳ
873 3297 990 3348 'stipantem
1007 3311 1099 3348 superem
1114 3299 1242 3338 muman

192 3364 266 3435 ligeri
275 3359 543 3430 excerptis-Supra
553 3357 632 3409 etiam
640 3376 663 3408 v.
676 3359 701 3421 5,
812 3383 899 3409 eunom.
1105 3377 1123 3414 n
1127 3384 1185 3413 eeeee

193 3441 221 3492 in
234 3439 345 3493 Scriver.
358 3446 414 3489 erat
423 3474 430 3502 ,
439 3453 533 3502 parcus
545 3451 617 3494 eras,
630 3429 702 3484 unde
786 3442 823 3495 16.
841 3446 971 3496 Veoemet.
990 3446 1136 3507 Creremt,
1152 3445 1260 3516 Neapol.

195 3530 316 3590 apparet,
327 3537 382 3570 non
391 3516 487 3584 ubique
496 3513 522 3565 id
530 3511 701 3577 vocabulum,
751 3530 778 3574 et
791 3532 905 3588 quanm
918 3521 969 3574 alii.

194 3597 239 3649 ubi
251 3595 348 3649 librarii
362 3600 521 3663 posuerunt,
540 3609 594 3642 esse
608 3586 704 3657 adpre·
786 3599 824 3650 18,
836 3601 890 3651 Nec
901 3602 961 3650 tum
971 3601 1024 3652 h„
1034 3620 1148 3669 aequam.
1160 3603 1214 3654 Nec
1221 3607 1260 3653 14,

195 3670 702 3739 hendendum1hictameuprobomam
750 3679 783 3729 lie
793 3681 864 3738 hec,
882 3677 989 3746 mser!
999 3677 1053 3730 duo
1066 3679 1163 3731 Morefi
1170 3717 1178 3743 ,
1198 3698 1260 3732 cum

195 3764 221 3806 et
238 3754 358 3806 Francos.
374 3751 525 3821 conspirat:
541 3755 703 3804 contrieram
751 3754 939 3825 Neapolitano,
959 3754 1142 3819 Meneclium,
1161 3774 1190 3807 ac
1204 3774 1260 3806 uno

195 3831 260 3880 esem
277 3831 356 3881 etiarn
373 3828 509 3882 Palatinus
529 3825 659 3882 secundus
676 3835 703 3879 et
752 3833 872 3888 Palatino
887 3835 994 3904 :placet
1017 3834 1062 3886 sie
1074 3834 1208 3885 Homerus
1226 3832 1260 3886 de

197 3907 346 3960 Beraeosis.
359 3909 457 3962 Bonna»
754 3909 916 3979 Calchante,
931 3913 960 3964 ll.
973 3920 1010 3977 A,
1025 3928 1075 3979 7⁰2

231 4004 269 4036 ιο.
288 3986 359 4049 One'd
367 3993 439 4038 nocti
450 3992 605 4039 conseruisse
617 3989 705 4041 ditm?
751 3981 784 4047 ὸς
795 3995 839 4063 §ds
849 3993 878 4042 τά
886 3987 906 4042 s’
914 3992 991 4050 lise«,
1008 3989 1036 4039 eal
1048 3985 1069 4038 τ’
1083 3989 1208 4052 leee'pooe,
1220 3994 1262 4060 spi

153 4109 156 4113 .
196 4062 228 4117 ld
237 4072 289 4127 est,
303 4071 357 4113 tam
365 4082 446 4127 parca
454 4072 565 4130 tempora
573 4071 653 4132 qut'ete'
661 4064 704 4117 de·
855 4069 873 4083 ''
