2798 4702
202 327 267 397 362
483 329 522 392 P.
554 326 734 396 OVIDII
756 329 984 399 NASONIS

202 469 265 541 Est
283 491 387 559 genus
406 463 441 536 in
457 464 596 539 totidem
616 467 708 541 tenui
724 468 853 543 ratione
870 469 1042 545 redactum

252 581 440 684 Scriptula,
456 601 539 682 quot
553 611 682 658 menses
701 584 851 662 lubricus
869 617 976 663 annus
993 589 1105 665 babet.

203 699 307 772 Parva
324 697 445 772 tabella
461 700 550 802 capit
568 720 679 776 ternos
695 705 865 807 utrimque
884 705 1038 808 lapillos;
1233 733 1288 785 sos·

252 819 293 889 ln
310 845 376 916 qua
391 817 507 891 vicisse
524 837 594 906 est,
610 820 823 897 continuasse
839 851 930 897 suos.

207 931 302 1005 Mille
319 931 442 1008 facesse
455 934 574 1033 jocos:
593 954 691 1039 turpe
709 957 761 1012 est
777 940 905 1014 nescire
922 939 1068 1042 puellam

257 1051 409 1126 Ludere:
429 1051 577 1127 ludendo
596 1083 681 1156 sape
697 1075 835 1156 paratur
848 1087 951 1132 amor.

204 1165 271 1240 Sed
288 1167 445 1260 minimus
462 1168 561 1244 labor
577 1190 644 1260 est,
660 1173 828 1274 sapienter
841 1175 988 1272 jactibus
1003 1175 1078 1248 uti:

254 1283 365 1380 Majus
384 1313 491 1385 opus,
507 1314 616 1361 mores
636 1289 865 1389 composuisse
883 1317 973 1363 suos.
1231 1313 1285 1386 ³0⁰

203 1400 294 1472 Dum
307 1428 421 1472 sumus
439 1400 586 1490 incauti,
602 1402 783 1505 studioque
801 1405 970 1505 aperimur
987 1403 1133 1506 inipso,
1236 1442 1240 1451 ·

254 1519 417 1619 Nudaque
433 1548 493 1620 per
508 1518 602 1593 lusus
619 1539 757 1621 pectora
770 1540 888 1596 nostra
904 1540 1037 1625 patent;

204 1643 258 1713 lra
275 1641 386 1728 subit,
405 1641 551 1716 deforme
570 1641 712 1732 malum,
728 1643 879 1747 lucrique
898 1644 1040 1747 cupido;

252 1763 453 1862 Jurgiaque,
472 1781 505 1837 et
521 1764 615 1851 rixae,
634 1765 865 1870 sollicitusque
884 1767 992 1842 dolor.

205 1884 353 1958 Crimina
369 1885 550 1960 dicuntur:
569 1906 703 1963 resonat
720 1889 923 1965 clamoribus
940 1889 1062 1963 aether:
1233 1912 1285 1979 375·

251 2009 390 2083 Invocat
407 2009 509 2083 iratos
526 2028 560 2084 et
577 2011 644 2085 sibi
664 2015 805 2115 quisque
823 2014 926 2086 Deos.

203 2130 305 2208 Nulla
321 2132 420 2223 fides3
439 2134 627 2238 tabulaeque
645 2167 738 2213 novae
755 2167 815 2240 per
830 2154 907 2211 vota
922 2152 1107 2238 petuntur:

255 2259 300 2330 Et
316 2257 460 2331 lacrimis
475 2259 543 2331 vidi
561 2288 647 2362 saepe
663 2260 793 2334 madere
812 2288 924 2357 genas.

240 2453 296 2507 353.
319 2455 371 2506 Es!
383 2475 463 2522 genus
481 2460 509 2508 eir
528 2458 630 2509 tostum
652 2460 725 2508 terrui
770 2477 795 2526 p.
806 2477 855 2509 aon
868 2468 895 2511 et
903 2476 975 2526 seqq.
987 2465 1015 2508 et
1026 2453 1078 2509 boc
1087 2451 1193 2506 videtur
1204 2454 1287 2509 etiam
1368 2491 1376 2511 ι

205 2539 302 2589 rutenae
308 2538 437 2588 redactum
447 2539 576 2602 scriptula.
589 2536 671 2588 Hunc
681 2534 722 2588 lu·
770 2535 878 2588 Merula
891 2533 1054 2589 intellexisse.
1072 2531 1141 2600 Quis
1153 2551 1217 2585 vero
1230 2531 1287 2587 bac

206 2613 286 2680 dum,
307 2623 366 2684 post
386 2613 545 2668 Salmasium
567 2613 599 2667 ad
614 2613 722 2684 Vopisci
770 2616 807 2670 lta
820 2615 944 2686 explicet,
956 2624 987 2667 ut
998 2613 1121 2666 omnibus
1132 2612 1286 2679 satisfaciat,

207 2692 310 2746 Procul.
323 2711 377 2762 cap.
392 2708 458 2758 κω,
472 2702 498 2745 et
511 2691 675 2763 scaligerum
687 2691 720 2745 ad
771 2694 821 2749 nisi
833 2694 928 2747 viderit
940 2694 1026 2764 ipsum
1037 2692 1139 2757 lusum,
1153 2701 1198 2744 aut
1209 2692 1286 2745 luse-

209 2770 334 2824 Catalect.
346 2791 404 2841 pag.
418 2771 482 2832 282,
497 2770 635 2825 illustravit
645 2772 723 2825 Gro-
771 2771 828 2826 rit?
844 2773 1002 2825 Contcbm'sse
1012 2770 1160 2823 suosetiam
1172 2767 1286 2822 Leiden-

206 2852 437 2920 novius,lib.111,
458 2851 491 2905 de
508 2852 607 2906 Pecun.
620 2855 720 2906 Vetere
771 2852 805 2906 sis
823 2861 851 2904 et
862 2860 975 2919 quatuor
988 2848 1048 2914 alii,
1067 2846 1137 2919 quod
1152 2846 1286 2901 diversum

206 2951 263 3003 cap.
276 2949 312 2984 xv
329 2951 336 2984 :
353 2931 437 2984 multa
451 2941 540 2984 tamen
559 2930 645 2983 adbuc
657 2929 723 2983 mibi
771 2947 878 2984 sensum
897 2928 1035 2982 efficeret:
1052 2930 1118 2981 duos
1134 2926 1216 2981 etiam
1233 2938 1287 2981 tres

207 3011 237 3065 in
257 3011 305 3065 illis
323 3011 458 3064 tenebrae:
472 3029 536 3063 narn
553 3009 642 3063 vicisse
659 3007 723 3062 dicit
770 3007 838 3062 libri.
850 3007 948 3060 Bonnt.

208 3091 306 3146 Noster
318 3090 408 3154 illurn,
427 3088 472 3158 qui
484 3107 544 3142 suos
557 3086 723 3141 continuavit
803 3084 1289 3153 37o.Majusopusmorescomposurksc

208 3169 323 3240 lapillos,
345 3167 416 3237 quod
435 3168 463 3220 in
483 3167 527 3220 illo
543 3165 621 3231 ludo,
642 3183 723 3240 quem
771 3172 887 3226 suos;et
896 3171 1116 3231 quaesequuntur.
1131 3161 1172 3215 Eo
1180 3161 1288 3216 laudan·

207 3249 296 3319 Belgae
304 3251 545 3311 verkeercrrvocant,
555 3264 610 3298 non
619 3263 724 3314 semper
771 3239 821 3294 dus
838 3239 920 3311 magis
937 3240 980 3294 hic
996 3240 1086 3306 locus,
1109 3258 1161 3309 quo
1178 3240 1287 3308 major,

209 3346 303 3380 verum
321 3337 359 3379 est
378 3344 384 3378 :
404 3325 498 3378 melior
516 3323 625 3392 quidem
642 3332 724 3376 status
772 3337 856 3387 quum
868 3318 923 3372 hac
940 3318 1066 3372 scriberet
1079 3316 1211 3383 Ovidius,
1225 3317 1288 3372 alec

210 3405 253 3458 ille
261 3403 315 3458 ludi
325 3445 333 3471 ,
344 3402 513 3458 etvictoriam
523 3399 654 3471 promittit
662 3439 670 3466 ,
678 3397 724 3452 sed
771 3399 846 3452 furor
860 3396 995 3450 Romanos
1007 3398 1150 3459 invaserat,
1161 3405 1188 3449 et
1200 3395 1289 3466 ipsum

210 3483 278 3537 verti
295 3493 381 3553 potest
396 3500 471 3547 sors,
494 3491 521 3534 ct
538 3477 652 3548 disjungi
668 3477 724 3534 ite-
771 3474 1031 3544 inprimisitugust„
1042 3472 1110 3543 apud
1121 3493 1202 3543 quem
1214 3472 1288 3527 idem

211 3581 273 3616 rum
284 3602 291 3628 ,
311 3561 356 3630 qui
371 3570 448 3613 antea
463 3556 609 3612 continuati
627 3567 723 3624 erant,
773 3553 870 3606 aulicus
882 3573 912 3605 ac
924 3552 1030 3607 aleator.
1042 3552 1118 3605 Suet.
1129 3552 1156 3605 in
1168 3553 1238 3622 Aug.
1247 3554 1289 3625 95.

211 3651 285 3693 certe
298 3636 435 3708 sequentia
447 3635 525 3706 longe
539 3633 620 3686 aliurn
631 3631 726 3686 ludum
806 3632 862 3702 373.
872 3633 1004 3689 Irasubil,
1019 3629 1130 3697 defhrme
1136 3634 1231 3684 malum
1238 3641 1290 3684 etc.

212 3722 330 3776 indicant
343 3760 350 3788 ,
374 3731 401 3775 et
423 3737 480 3773 non
502 3711 671 3784 continuari,
696 3725 726 3770 ut
775 3712 870 3766 Horat
883 3711 964 3782 Epist.
976 3711 1021 3764 lib.
1034 3711 1061 3777 1,
1074 3728 1120 3779 ιι,
1134 3712 1166 3779 48
1179 3726 1186 3759 :

212 3797 494 3861 BerssmasslltlSVOltlll,
507 3795 554 3851 sed
563 3796 677 3867 separari
683 3794 724 3848 de·
773 3803 845 3844 lardus
851 3803 904 3841 enim
909 3804 976 3854 gmuit
981 3803 1081 3854 trepidum
1090 3807 1219 3848 manumet
1227 3801 1291 3852 imru

211 3878 278 3932 bcnt
291 3879 394 3950 aptiori
407 3876 490 3931 ludo:
503 3896 582 3946 quare
595 3887 665 3930 recte
678 3873 726 3927 mi·
772 3878 817 3925 ¹¹¹,
826 3885 892 3916 trum
903 3877 1043 3915 inimicitus
1052 3876 1134 3915 funebre
1144 3874 1225 3915 setim.

214 3958 242 4011 bi
257 3979 352 4029 capere
372 3957 478 4013 videtur
499 3957 540 4011 Cl.
562 3956 664 4029 Hyde,
693 3953 725 4008 de
775 3949 838 4003 Vid.
849 3971 955 4021 quoque
968 3951 1065 4004 Juven.
1079 3949 1134 4003 Sat.
1148 3965 1168 4013 1,
1181 3967 1225 4019 97,
1234 3967 1291 4017 sqq.

210 4036 275 4090 ludo
290 4077 297 4105 ,
320 4057 400 4107 quem
412 4057 461 4090 nos
477 4038 595 4090 Triodun
608 4033 728 4104 adpella-
808 4029 864 4100 377.
883 4032 961 4082 Nulla
963 4031 1034 4100 fides
1046 4031 1141 4081 tabulis
1157 4037 1208 4079 etc.
1231 4029 1291 4078 Ta-

128 4116 129 4120 ’
211 4134 279 4170 mus
303 4115 372 4169 Vide
393 4112 586 4170 eumdeludis
598 4109 729 4168 Oriental
778 4111 842 4164 bula
856 4108 956 4180 Regius
972 4107 1110 4178 princeps,
1133 4115 1162 4160 et
1178 4114 1290 4176 quatuor
