2798 4702
424 375 672 443 REMEDIA
701 373 924 445 AMORIS.

185 517 263 590 Non
281 532 361 589 sunt
373 515 507 616 judiciis
525 517 638 590 omnia
654 514 763 590 danda
780 516 873 589 meis.

140 632 219 729 Quo
237 652 295 707 tua
309 661 379 707 non
394 651 538 734 possunt
556 632 682 708 offendi
700 651 837 734 pectora
853 633 964 725 sacto,

189 750 344 824 Forsitan
362 751 444 840 hoe,
459 750 526 823 alio
541 750 667 851 judice,
684 751 808 824 crimen
825 750 898 825 erit.

143 864 220 954 llle,
240 869 331 969 quod
348 869 518 942 obscaenas
534 869 569 942 in
585 885 702 969 aperto
718 896 856 969 empore
873 886 985 970 partes

191 985 345 1073 Viderat,
361 987 396 1058 in
414 1013 513 1060 cursu
532 987 591 1088 qui
608 985 689 1075 fuit,
705 986 801 1060 haesit
818 1015 933 1060 amor:

143 1099 222 1188 llle,
242 1101 353 1202 quod,
368 1131 387 1177 a
403 1102 545 1177 Veneris
560 1102 664 1177 rebus
681 1121 839 1198 surgente
856 1103 987 1204 puelia,

188 1217 285 1292 Vidit
301 1218 336 1289 in
354 1216 527 1290 immundo
543 1217 639 1313 signa
651 1218 808 1319 pudenda
826 1239 912 1295 toro.

142 1333 295 1420 Luditis,
315 1362 354 1421 o,
372 1333 401 1406 si
420 1361 507 1433 quos
521 1350 706 1433 potuerunt
722 1335 787 1409 ista
803 1365 935 1411 movere
951 1368 960 1411 ε

192 1449 365 1526 Adflarant
382 1449 501 1550 tepidae
517 1469 653 1550 pectora
669 1470 777 1527 vestra
793 1450 890 1527 faces.

143 1566 309 1643 Adtrahat
323 1566 380 1640 itte
397 1594 482 1667 puer
499 1584 676 1642 contentos
692 1568 813 1643 fortius
830 1598 945 1644 arcus:
1165 1596 1216 1665 435

193 1684 312 1759 Saucia
327 1683 486 1783 majorem
503 1684 602 1758 turba
618 1685 740 1786 petetis
759 1714 868 1788 opem.

146 1801 266 1899 Quid?
281 1801 339 1902 qui
357 1800 441 1874 clam
458 1799 571 1889 latuit,
586 1802 745 1877 reddente
764 1803 918 1878 obseaena
934 1803 1063 1905 puelia,

195 1921 240 1993 Et
256 1918 360 2008 vidit,
380 1947 453 2020 qun
469 1947 544 1994 mos
559 1919 633 2020 ipse
649 1920 761 1996 videre
774 1922 889 1996 vetat?

146 2035 193 2108 Di
208 2035 346 2125 melius,
362 2065 462 2137 quam
477 2063 541 2109 nos
558 2065 752 2123 moneamus
771 2036 849 2110 talia
867 2040 1088 2138 quemquam!

196 2161 244 2232 Ut
259 2160 408 2261 prosint,
423 2189 494 2232 non
511 2178 590 2233 sunt
608 2159 807 2259 experienda
825 2176 946 2233 tamen.
1169 2180 1220 2249 440

147 2283 276 2356 Hortor
293 2302 342 2372 et,
356 2300 396 2355 nt
412 2281 536 2383 pariter
549 2280 649 2355 binas
665 2281 818 2355 habeatis
837 2281 973 2356 amicas:

194 2406 329 2481 Fortior
346 2424 414 2493 est,
428 2404 543 2506 piures
560 2404 589 2476 si
609 2403 685 2505 quis
701 2404 825 2479 habere
842 2422 966 2506 potest.

146 2530 242 2604 Secta
258 2529 422 2631 bipartito
441 2555 545 2629 quum
561 2557 656 2602 mens
674 2528 830 2602 discurrit
847 2546 1009 2629 utroque,

193 2649 342 2725 Alterius
358 2651 444 2724 vires
461 2650 631 2761 subtrahit
647 2649 731 2724 alter
747 2678 849 2725 amor.

149 2774 295 2848 Grandia
310 2803 370 2875 per
385 2772 512 2848 multos
530 2792 711 2850 tenuantur
724 2773 862 2849 flumina
878 2773 986 2862 rivos,
1169 2793 1220 2864 445

180 2991 237 3059 431.
251 2992 278 3044 A
293 2993 396 3043 Veneris
409 2994 481 3044 rebus
491 3001 540 3045 etc.
560 2992 591 3045 ln
604 3010 661 3045 uno
709 2991 806 3057 edidit,
821 3001 851 3045 ut
861 2990 954 3045 eratin
968 2989 1105 3045 Patavino.
1115 2989 1147 3042 ln
1158 2988 1222 3043 Sar·

149 3069 270 3134 Heinsii,
290 3074 317 3121 e'n
335 3072 438 3122 Veneris
453 3087 518 3135 πω
536 3069 598 3122 inde
617 3069 660 3124 ilie
708 3069 832 3136 rariano,
842 3070 1164 3134 radeaele'obscaenapuellae
1174 3082 1181 3114 .·
1191 3076 1221 3119 ut

149 3150 212 3203 olim
222 3149 660 3220 ,lusuconjieiebat‚utsupr.37ii;
708 3153 824 3200 obscena
838 3149 891 3202 sint
910 3157 996 3217 partes
1010 3144 1149 3216 pudendm.
1166 3143 1221 3198 sed

147 3228 193 3281 sed
204 3249 244 3281 res
259 3231 360 3281 Venen's
369 3246 527 3281 nemoveas.
544 3228 660 3298 ltasaepe
709 3230 810 3279 reddere
816 3231 931 3280 obscena
939 3225 1002 3278 dixit
1012 3243 1117 3294 quoque
1126 3225 1221 3292 Pomp.

149 3305 303 3367 Lueretius,
325 3316 356 3359 ut
367 3316 529 3358 notaverunt
543 3304 661 3358 Eimen-
710 3304 782 3356 Meta
795 3304 852 3357 libr.
868 3321 895 3370 1,
911 3323 966 3372 cap.
979 3324 1003 3376 9.
1022 3303 1105 3356 inunt.

149 3382 273 3450 horstius,
283 3382 315 3435 ad
328 3383 428 3436 Arnob.
439 3383 482 3435 lib.
495 3399 545 3449 111,
559 3404 583 3452 p.
597 3382 660 3448 11³,
743 3381 1224 3449 “ostendendalamenAEaepm'enda

150 3474 177 3517 et
192 3462 302 3516 Herald.
314 3482 371 3533 pag.
385 3463 439 3515 133.
452 3463 550 3515 Buten.
709 3461 861 3515 Puteaneus
872 3470 899 3513 et
909 3458 987 3512 multi
998 3457 1054 3525 aiii,
1068 3456 1221 3526 exscriptis,

181 3543 237 3607 435.
251 3542 383 3594 Adtrahat
397 3545 442 3593 ille
449 3560 521 3607 puer.
533 3540 664 3592 Aderatet
709 3559 771 3592 eum
783 3540 869 3609 prima
878 3539 1003 3593 editione.
1017 3537 1061 3591 Sic.
1074 3537 1141 3589 infra
1153 3555 1220 3589 vers.

147 3619 235 3688 scripti
248 3618 378 3671 meliores.
387 3619 488 3671 Hunos.
499 3617 557 3688 Ego
566 3617 662 3670 Adtra·
710 3621 775 3685 804,
788 3619 843 3671 viee
856 3638 948 3684 versa,
960 3615 1130 3670 scribendum
1142 3625 1200 3669 est:

147 3700 195 3748 ha!
204 3696 300 3750 rectius
312 3707 377 3765 puto
385 3712 392 3744 τ
401 3698 456 3748 Vos
464 3695 552 3748 luditis
560 3704 586 3747 et
595 3694 662 3747 deri·
733 3704 772 3751 spe
779 3701 839 3739 etum
846 3703 926 3739 moniti·
933 3701 1036 3751 exp-diere
1043 3701 1099 3738 mio

149 3774 225 3840 detis,
237 3776 281 3843 qui
290 3774 394 3826 modice
405 3774 508 3842 tepetis,
517 3792 572 3839 me,
581 3770 662 3841 quiin
712 3774 766 3828 Ubi
777 3778 902 3840 experiere
911 3772 1054 3842 legebatur.
1061 3772 1163 3825 Hms.
1172 3773 1225 3823 Ex·

149 3852 190 3908 his
199 3855 253 3907 vim
261 3854 375 3922 aliquam
388 3873 441 3906 esse
451 3852 559 3921 iaetoab
571 3869 661 3904 amore
706 3851 1225 3921 pedrendale'br'Bodiejanus:expedienda

150 3931 306 3995 revocandi;
321 3930 367 3984 sed
380 3933 502 3983 adtrahat
508 3929 589 3982 modo
605 3927 664 3981 Cu·
711 3936 807 3991 tamen,
822 3928 918 3981 Aldina
930 3929 1069 3998 posterior,
1083 3927 1185 3999 Gryph.
1197 3937 1225 3979 et

151 4009 214 4078 pido
231 4030 324 4076 arcus,
346 4020 374 4063 et
395 4009 498 4080 gravius
517 4008 659 4071 vulneret,
712 4004 1224 4076 recentioresquaedarn:excipiendaduo

151 4088 206 4155 jam
218 4089 373 4142 validiorem
387 4087 546 4141 medicinam
561 4086 662 4156 petetis.
712 4086 808 4156 scripti.

184 4166 242 4236 437.
254 4170 392 4221 Reddenle.
408 4169 525 4221 Rudente
536 4165 663 4219 Heinsius
745 4165 801 4231 44².
816 4165 917 4217 Habere
923 4169 1015 4231 potest.
1035 4165 1136 4218 Habere
1146 4167 1226 4230 paral
