2798 4702
178 341 246 426 384
463 341 502 405 P.
531 339 709 409 OVIDII
727 340 954 411 Nasonis

222 481 292 554 Nec
310 495 425 553 tennes
442 479 558 577 cytisi,
577 478 730 580 cultaque
746 481 848 581 pinus
862 482 967 555 abest

173 597 323 672 lenibus
341 591 490 696 impulse
507 594 683 694 Zephyris,
698 625 842 698 auraque
860 596 1005 684 salubri,

221 713 290 784 Tot
306 737 464 805 generum
481 708 632 798 frondes,
651 710 820 811 herbaque
838 739 966 785 summa
984 729 1140 789 tremunt.

175 827 277 900 Grata
295 824 390 926 quies
404 824 571 926 Cephalo,
587 824 720 900 famulis
737 826 942 928 canibusque
960 827 1082 903 relictis
1093 859 1117 903 :·
1192 853 1252 925 695

219 947 343 1019 Lassus
359 942 396 1014 in
412 941 474 1016 hac
488 940 617 1040 juvenis
633 970 719 1044 saepe
735 942 858 1015 resedit
871 943 986 1017 humo.
1090 939 1097 949 ’

173 1060 319 1159 Quoque
332 1083 423 1130 meos
439 1054 562 1131 releves
577 1073 695 1144 estiis,
713 1073 843 1130 cantare
860 1055 1007 1143 solebat,

219 1169 421 1270 Accipienda
438 1169 534 1258 sinu,
550 1168 686 1243 mobilis
703 1173 812 1258 Aura,
826 1173 914 1245 veui.

172 1287 336 1388 Coniugis
353 1285 402 1360 ad.
412 1284 542 1359 timidas
559 1284 679 1385 aliquis
696 1285 780 1360 male
796 1285 932 1363 sedulus
947 1315 1042 1362 aures

220 1403 365 1479 Auditos
381 1400 519 1476 memori
536 1399 657 1474 detulit
674 1430 729 1475 ore
746 1429 860 1476 sonos.
1188 1443 1243 1495 7⁰⁰

170 1522 305 1595 Procris
321 1537 360 1593 ut
376 1518 503 1618 accepit
520 1545 659 1605 nomeu,
679 1517 773 1618 quasi
789 1516 935 1619 pellicis,
953 1521 1068 1607 Anrae,

218 1642 370 1729 Excidit,
385 1657 419 1713 et
437 1640 551 1714 subito
569 1658 661 1714 muta
678 1638 795 1715 dolore
810 1641 884 1715 suit.

169 1765 309 1855 Palluit,
327 1782 365 1839 ut
382 1792 480 1852 serae,
499 1763 593 1838 lectis
611 1764 652 1838 de
669 1765 735 1840 vite
752 1766 909 1854 racemis,

169 1977 288 2033 Patavin.
297 1976 368 2047 quod
377 1995 408 2030 ex
419 1974 521 2046 Virgilii
534 1974 588 2029 Ecl.
599 1991 639 2041 rv,
650 1997 675 2043 ι,
725 1977 758 2033 de
777 1997 829 2048 qua
849 1976 927 2048 paulo
939 1987 1001 2032 ante
1015 1986 1111 2047 egerat
1130 1978 1235 2034 Heres.

167 2059 317 2129 repetitum
326 2055 676 2125 hapleseeBernensnuod
756 2058 927 2131 fiottdlobilis
935 2059 1015 2110 Aua.
1023 2060 1122 2109 Nobilis
1130 2056 1236 2129 Micylli

169 2137 252 2207 probo
262 2158 268 2201 ;
280 2146 364 2206 etseq.
373 2153 449 2189 versu
461 2134 540 2188 etiarn
551 2133 674 2202 mallem,
723 2149 750 2191 et
768 2138 922 2191 Bersmanu
939 2134 1009 2188 Edie
1022 2144 1050 2187 et
1066 2153 1135 2188 unus
1146 2135 1234 2189 codex

169 2221 273 2271 cultore.
724 2213 834 2284 Heinsii.
845 2215 934 2266 Mollis
941 2217 1035 2273 mter,
1046 2211 1149 2280 Aprosii
1161 2236 1168 2277 ;
1181 2231 1234 2282 pro

200 2295 257 2367 592.
277 2295 396 2364 Cultaque
407 2299 485 2360 pinus
496 2297 574 2369 abest.
597 2296 675 2347 Tium
724 2288 826 2344 diversa
838 2289 957 2343 lectione.

166 2370 308 2442 legendum
319 2381 408 2425 censet
423 2369 563 2424 Salmasius
579 2369 611 2422 ad
622 2369 675 2423 So-
756 2386 812 2436 7⁰⁰·
822 2367 1044 2421 Andelomnron'.
1054 2366 1235 2436 Nemon'qua-

167 2448 269 2514 linum,
290 2467 346 2518 pag.
370 2450 423 2519 198.
444 2447 520 2516 Ego,
539 2445 673 2515 quemad·
722 2457 784 2500 tuor
794 2447 881 2516 scripti
893 2466 899 2500 :
909 2444 1088 2501 retlalr'tetiam
1099 2445 1176 2500 multi
1187 2466 1233 2500 co·

132 2548 136 2555 ’
167 2528 279 2582 modum
289 2527 362 2580 facile
373 2526 546 2580 concesserim
553 2526 579 2579 in
593 2524 672 2579 Colu·
723 2522 792 2578 dices
800 2535 828 2578 et
837 2523 919 2577 editio
926 2525 1164 2595 prima,etper!slil
1170 2525 1232 2594 qui-

165 2607 252 2672 mella,
262 2601 385 2675 etVirgil.
395 2602 485 2658 Culice
494 2609 572 2656 tritum
578 2605 672 2675 reponi
721 2602 797 2665 daun
818 2602 864 2656 sed
879 2607 971 2659 delud'!
986 2614 1103 2666 rectum
1121 2601 1183 2669 inde
1202 2615 1230 2656 et

166 2684 261 2739 debere
273 2723 280 2748 ,
293 2684 329 2736 ita
340 2682 389 2738 hoc
400 2683 457 2735 loco
464 2683 618 2752 scripturam
627 2702 673 2735 re-
719 2679 1084 2747 dictisuntdelelores.Gell.1,
1094 2682 1230 2747 sltbono

165 2773 268 2832 ceptam
280 2756 350 2814 haud
361 2771 471 2813 mutem.
484 2757 609 2828 lntelligit
621 2776 669 2810 au·
718 2761 845 2824 trepidans
859 2761 993 2824 medetur,
1008 2761 1046 2810 ad
1054 2765 1148 2810 celeras
1165 2777 1230 2810 na-

164 2848 220 2893 tem
229 2877 237 2904 ,
246 2842 335 2904 petrum
349 2839 528 2899 domesticam,
543 2855 589 2888 seu
606 2838 671 2888 hor-
718 2843 804 2888 tmnas
817 2834 902 2888 desert
914 2838 983 2903 qnod
996 2840 1117 2888 auderat.
1135 2835 1228 2906 Virgil.

162 2923 272 2969 tensam:
282 2933 310 2967 ac
319 2911 428 2984 proinde
439 2917 533 2966 cultam
546 2911 625 2982 dixit,
639 2923 670 2965 nt
719 2914 768 2980 IV,
784 2912 890 2966 AEneid.
901 2915 962 2985 298:
977 2917 1057 2968 Fama
1061 2915 1163 2984 surrenti
1169 2917 1227 2968 lte·

164 3012 179 3047 a
196 2991 313 3065 sylvestri
330 2990 396 3059 pinu
412 2987 559 3057 distinguat.
577 2988 669 3058 Virgil.
716 2997 776 3047 tulit
784 2996 998 3046 aman'classem
1013 3011 1021 3042 .·
1034 2989 1060 3049 et
1074 2995 1110 3048 ita
1122 2995 1226 3064 passim.

164 3071 348 3137 Ed.v11‚65:
717 3070 786 3123 Aere
802 3069 881 3123 etiam
900 3069 1028 3125 editiones
1043 3071 1182 3140 quedam,
1197 3083 1227 3126 et

160 3154 258 3194 rmus.
267 3154 288 3191 u
296 3151 351 3191 mvn
359 3151 563 3203 pnnmspun
571 3148 667 3189 assem..
716 3145 770 3199 duo
780 3147 868 3216 scripsi
878 3169 885 3208 ;
897 3147 943 3200 sed
956 3149 1052 3218 inepte.
1064 3150 1161 3203 Bura.

161 3227 215 3281 Per
224 3229 318 3279 collam
333 3229 413 3278 tinum
425 3223 486 3293 quid
499 3224 577 3293 possit
589 3223 668 3277 intel·
750 3242 806 3293 7⁰²·
825 3226 900 3277 Muta
914 3228 998 3279 dolore
1008 3227 1071 3296 feel.
1093 3226 1137 3279 Sic
1153 3235 1224 3280 mula

160 3304 220 3376 ligi,
241 3314 335 3374 praeter
353 3305 475 3370 laurum,
495 3323 550 3356 non
571 3303 666 3369 video,
715 3302 956 3366 melnlphr'anassa,
975 3301 1044 3371 apud
1054 3301 1222 3369 Lucretium,

161 3402 244 3454 quum
264 3382 329 3435 lauri
347 3383 401 3452 jam
424 3382 575 3434 meminerit
594 3381 667 3435 Ovi·
716 3378 744 3444 l,
760 3377 800 3450 93
814 3379 906 3448 virgil.
919 3378 1026 3432 AEneid.
1040 3379 1109 3446 xll,
1124 3383 1190 3447 718:

160 3460 239 3524 dius,
260 3470 337 3528 atque
360 3461 395 3512 ita
417 3460 455 3512 bis
473 3459 544 3512 idem
566 3458 665 3512 dixerit.
713 3465 1076 3515 Sttteecuwmnc‚mtumutm..·.

160 3537 229 3592 Nam
240 3536 310 3607 quod
321 3536 666 3605 xnpoeiemeintelligebatnr
714 3536 754 3591 lte
769 3556 874 3607 quoqne
892 3538 962 3607 apud
976 3539 1105 3593 Senecam
1123 3538 1223 3594 Medea

160 3635 175 3671 a
188 3616 335 3686 scaligero,
349 3633 382 3667 ne
393 3614 456 3667 illud
466 3615 571 3683 quidem
580 3615 666 3669 admi-
712 3628 748 3678 V,
766 3618 827 3681 150,
842 3635 874 3668 er
887 3616 988 3685 optimo
1000 3615 1123 3669 lllediceo
1135 3634 1221 3686 repo-

158 3694 255 3759 serim,
270 3711 353 3761 quum
364 3701 506 3761 χαμαίπιτυς
517 3691 586 3744 inter
598 3691 665 3744 her·
712 3690 832 3743 nendum
847 3707 853 3741 :

159 3769 204 3823 bas
216 3790 231 3822 a
245 3769 332 3823 Plinio
344 3779 525 3834 recenseatur,
543 3778 569 3820 et
582 3788 664 3822 voce·
735 3782 887 3830 saeelum,
900 3792 1020 3835 quousque
1027 3791 1100 3822 neren
1107 3781 1184 3821 stateo·

159 3858 203 3901 tur
221 3848 253 3900 ab
271 3867 304 3901 eo
319 3852 395 3915 aba‘pa
408 3865 416 3911 ,·
430 3854 520 3915 pinus,
534 3867 663 3917 nusquam
735 3855 1151 3907 detdotorizemisqnisqusvuhm

160 3922 309 3990 appelletur.
323 3925 477 3978 Describere
490 3936 576 3978 autem
590 3924 664 3979 Ovi·
735 3927 911 3981 retinueram
920 3927 1154 3979 mansninopnuln,

158 3997 231 4050 dium
241 4018 294 4054 eron
307 4004 412 4057 sentices
422 4005 604 4071 solummodo,
616 4003 662 4058 sed
734 4001 815 4041 ΜΨ·
823 4004 896 4054 posuit.

158 4072 262 4128 arbores
281 4096 407 4146 quoque,
429 4099 460 4133 er
478 4080 547 4135 buxo
562 4081 662 4148 liquet,
745 4082 800 4152 703.
818 4084 935 4150 Patrne,
955 4091 986 4139 ut
1000 4102 1075 4148 sere,
1095 4083 1170 4137 lectis
1188 4089 1221 4137 dc
