2798 4702
317 354 473 424 ARTIS
502 354 789 424 AMATORIAE
810 358 915 426 -LIB.
944 362 1021 428 ΙΙΙ.

1145 364 1210 460 367

134 496 227 596 Quid
243 495 356 569 minus
371 493 594 568 Andromedae
612 493 721 568 fuerat
739 523 871 596 sperare
889 498 1061 590 revincta,

182 613 294 710 Quam
306 611 457 686 lacrimas
475 610 539 685 ulli
554 640 656 714 posse
674 611 803 714 plaeere
822 615 928 687 suas?

1161 641 1211 710 430

135 733 262 806 Funere
278 758 364 830 sepe
382 728 444 803 viri
461 729 512 802 vir
529 729 690 831 quaeritur
707 761 715 804 :
734 731 799 804 isse
820 729 940 804 solutis

186 847 366 937 Crinibus,
385 863 418 919 et
434 845 532 921 lletus
549 876 620 921 non
638 847 802 936 tenuisse,
824 846 927 922 decet.

137 963 203 1038 Sed
219 964 318 1038 vitate
336 963 426 1036 viros
443 961 570 1037 cultum
588 963 796 1065 formamque
812 965 1003 1065 professos3

184 1080 321 1180 Quique
340 1108 417 1154 suas
434 1099 568 1180 ponunt
586 1082 621 1154 in
638 1082 784 1155 statione
800 1109 923 1156 comas.

138 1196 222 1294 Quae
240 1197 338 1271 vobis
356 1196 494 1285 dicunt,
509 1197 665 1272 dixerunt
681 1197 772 1272 mille
791 1197 933 1299 puellis:

1162 1221 1212 1290 43Γ

186 1317 305 1404 Errat,
322 1334 355 1390 et
372 1316 408 1389 in
423 1314 518 1389 nulla
532 1313 608 1390 sede
623 1332 775 1389 moratur
789 1343 893 1389 amor.

137 1431 273 1506 Femina
288 1430 371 1534 quid
384 1431 501 1519 faeiat,
520 1460 625 1534 quum
642 1432 687 1506 sit
702 1432 754 1506 vir
770 1430 875 1506 levior
892 1431 988 1532 ipsa,

122 1592 126 1601 ·
186 1550 341 1624 Forsitan
356 1568 389 1651 et
401 1549 516 1651 plures
528 1549 639 1650 possit
655 1548 779 1624 habere
797 1550 915 1623 viros?

139 1665 204 1738 vix
222 1665 306 1738 mihi
323 1665 485 1752 credetis3
503 1663 562 1739 sed
580 1663 704 1740 credite
719 1695 727 1739 ε
741 1667 844 1765 Troja
860 1686 1024 1756 maneret,

188 1781 366 1882 Pmeceptis
383 1779 508 1854 Priami
523 1779 552 1852 si
567 1779 656 1854 foret
671 1809 732 1855 usa
750 1782 848 1856 senis.

1164 1805 1216 1876 tto

141 1901 229 1976 Sunt
248 1904 305 2004 qui
322 1903 472 1979 mendaci
489 1904 598 2006 specie
616 1920 809 2001 grassentur
825 1907 968 1994 amoris,
1028 1955 1030 1960 -

190 2029 323 2131 Perque
342 2030 451 2104 aditus
471 2028 551 2104 tales
568 2028 660 2102 lucra
677 2027 835 2129 pudenda
852 2047 977 2128 petant.

141 2153 210 2226 Nec
227 2181 322 2228 coma
338 2182 400 2227 ros
416 2151 510 2227 sallat
523 2151 651 2253 liquida
666 2149 869 2224 nitidissima
883 2150 1012 2223 nardo:

189 2277 260 2351 Nec
277 2278 390 2352 brevis
407 2277 445 2349 in
460 2303 566 2372 rugas·
578 2274 713 2372 cingula
728 2300 843 2377 pressa
860 2300 946 2346 suas.

141 2511 202 2546 eum
216 2494 302 2563 prima
315 2490 442 2544 editione.
456 2491 558 2546 Herus.
579 2494 656 2559 Venit

141 2570 654 2639 etiamBernensisetquatuoralii:uon

142 2649 231 2712 male,
254 2665 318 2701 nam
340 2650 430 2699 cadere
449 2646 544 2700 melius
566 2648 657 2703 avibus

142 2725 276 2778 convenit.
291 2723 344 2778 Sed
357 2735 384 2777 et
400 2727 491 2777 cadere
504 2735 591 2794 potest
602 2725 656 2780 de-

143 2804 216 2857 fendi
230 2844 237 2871 ,
256 2815 283 2857 et
295 2804 421 2858 similibus
435 2804 504 2859 locis.
524 2804 574 2858 lus.
589 2808 634 2878 591
647 2828 655 2872 ς

143 2893 170 2934 et
183 2881 225 2934 lib.
238 2881 265 2948 l,
280 2881 337 2948 646.

177 2959 235 3029 429.
252 2961 323 3024 Quid
329 2962 413 3011 meires
423 2958 658 3028 Ardmmedoesue·

144 3045 187 3089 rat
193 3048 242 3090 etc.
256 3036 288 3090 ln
300 3037 435 3091 nonnullis
444 3043 537 3092 telr'cte
547 3050 573 3092 et
582 3043 657 3092 reeri-

145 3123 187 3170 ta.
197 3117 296 3186 Regius
305 3128 408 3185 tamen,
418 3123 540 3171 rerrircte.
547 3117 658 3172 Germa·

145 3198 219 3251 nicus
231 3198 258 3250 in
271 3197 390 3264 Arateis,
404 3197 437 3252 de
451 3198 606 3270 Cassiopea:

145 3290 176 3327 oio
185 3289 247 3327 tendit
258 3290 343 3340 pluas,
352 3303 388 3328 esu
398 3291 423 3328 sit
431 3291 533 3340 planetum
541 3290 633 3330 reticeam

145 3363 294 3412 Andromeden,
301 3365 374 3402 merite
382 3377 421 3403 non
428 3367 481 3415 justa
491 3366 568 3416 piueuls
576 3365 657 3415 meniu

145 3438 190 3491 uhi
209 3441 344 3492 revinctam
368 3439 487 3492 similiter
511 3451 575 3510 puto
593 3439 659 3494 scri-

143 3514 271 3570 bendum.
281 3515 404 3569 H.-Ex
412 3516 656 3585 Manilioautemt,

146 3597 209 3663 ³55,
225 3606 336 3665 utraque
350 3595 426 3650 lectio
439 3595 545 3649 delendi
554 3607 658 3667 potest:

385 3691 485 3740 tutaque
495 3690 586 3729 nomm

145 3764 293 3805 Andromedam
305 3772 370 3802 vastos
379 3771 497 3801 metuentem
507 3762 567 3812 piscis
575 3761 642 3799 hiatus
650 3791 657 3810 ,

146 3839 261 3892 Expositum
269 3848 328 3889 ponto
335 3837 401 3883 deflet,
408 3836 534 3887 scopulisque
541 3837 657 3874 numeram.

179 3915 237 3980 431.
249 3914 343 3965 Funere
351 3929 416 3976 sepe
426 3913 479 3961 vr'rr'
486 3913 528 3961 νίν
537 3911 659 3980 querelor.

147 3986 234 4046 Testis
245 3993 366 4043 Matrona
377 3989 419 4042 illa
435 3987 599 4058 Ephesiana,
611 4006 660 4041 eu·

148 4069 190 4136 jus
206 4069 343 4124 historiam
362 4067 507 4138 Eumolpus
525 4067 659 4137 eleganter

703 2494 885 2548 Hane'autem
901 2490 1038 2545 historiam
1048 2510 1110 2544 vere
1124 2493 1216 2547 conti-

703 2575 786 2645 gisse,
806 2584 898 2628 auctor
917 2583 956 2626 est
974 2572 1124 2637 Flaviuius,
1147 2572 1217 2642 apud

704 2653 943 2718 sarisberiensem,
958 2663 985 2705 et
1004 2651 1101 2722 Ephesi
1115 2653 1216 2707 mulie-

704 2750 763 2784 rem
777 2750 866 2800 poenas
880 2729 989 2782 dedisse.

738 2811 795 2876 440.
807 2811 942 2873 Praeceptis
955 2808 1162 2876 Prrirmr'sr'sore!
1169 2828 1218 2862 usa

704 2893 780 2940 senr's.
792 2889 891 2939 Prr'ame
901 2891 953 2938 tuis
962 2885 1047 2955 prima
1057 2886 1153 2952 editio,
1165 2887 1217 2940 Re·

706 2967 775 3037 gius,
788 2977 815 3019 et
829 2964 977 3035 complures
991 2966 1032 3019 alii
1043 2988 1050 3031 ;
1063 2964 1109 3020 sed
1121 2969 1222 3020 Prrirmr'

705 3054 846 3102 serverum
856 3059 909 3115 est,
921 3047 991 3116 quod
998 3060 1099 3118 septem
1104 3060 1149 3103 aut
1158 3060 1218 3103 octo

706 3139 809 3182 veteres
821 3138 973 3197 agnoscunt
987 3128 1088 3183 Herus.

739 3207 796 3272 443.
814 3206 868 3257 Nec
879 3223 952 3257 coma
966 3223 1012 3256 oos
1022 3202 1108 3270 stalla!
1120 3208 1218 3272 Irpurir'a

706 3283 954 3334 nituissonanardo.
965 3281 1026 3333 Hoc
1033 3290 1085 3346 est,
1095 3299 1219 3353 unguen·
1316 3294 1319 3299 ·

706 3369 736 3412 to
744 3357 874 3424 nardino,
884 3358 936 3411 sive
947 3359 1002 3428 ipsa
1009 3359 1109 3414 nardus
1115 3361 1216 3429 foliata,

707 3441 759 3493 sive
772 3440 867 3508 spirata
880 3439 958 3491 suerit
970 3457 976 3491 :
987 3438 1027 3492 his
1039 3440 1112 3493 enim
1124 3441 1218 3494 nomi-

707 3517 785 3570 nibus
794 3516 862 3587 apud
870 3515 986 3570 Plinium
993 3515 1168 3589 distinguitur.
1177 3521 1219 3572 lr'·

707 3599 783 3663 quido
800 3598 898 3654 nardo,
919 3593 1011 3664 viginti
1031 3605 1084 3648 tres
1108 3596 1219 3655 codices.

709 3672 780 3724 Acro
792 3670 824 3724 ad
835 3673 928 3725 Horat.
943 3672 985 3739 ll,
1001 3672 1055 3727 Od.
1068 3689 1106 3738 11,
1120 3684 1219 3728 notan-

708 3750 772 3803 dum
785 3771 839 3804 esse
854 3751 930 3818 dicit,
942 3751 1012 3822 quod
1027 3752 1157 3806 feminino
1167 3772 1218 3824 ge-

708 3849 773 3883 nere
784 3828 878 3882 dixerit
891 3831 997 3903 Assyria
1007 3830 1099 3883 nardo.
1112 3831 1173 3885 Vid.
1185 3832 1218 3886 ad

709 3924 740 3974 x,
755 3906 822 3960 Met.
833 3908 888 3961 308.
905 3908 1031 3978 Quatuor
1045 3910 1124 3963 etiam
1139 3910 1218 3964 codi-

708 4006 767 4051 ces,
779 3987 860 4038 nitido
871 3990 1040 4056 liquidissima
1051 3992 1137 4043 nardo.
1153 3989 1184 4042 B.

741 4064 798 4131 444.
819 4065 873 4116 Nec
889 4068 969 4117 brevis
984 4069 1011 4116 in
1026 4085 1103 4134 rugas
1118 4069 1220 4134 ciufflla

151 4144 216 4198 adeo
223 4157 249 4201 et
256 4146 346 4202 festive
356 4151 448 4204 narrat
456 4186 464 4213 ,
473 4144 541 4215 apud
549 4145 658 4199 Petron.
703 4162 795 4210 pressa
802 4162 871 4201 suas.
881 4147 1014 4213 Crirralam
1021 4149 1115 4201 brevem
1123 4145 1165 4199 hic
1173 4164 1220 4198 ex-
