2798 4702
1154 333 1171 366 f

336 325 570 395 auonun
601 328 681 394 111.
712 328 856 396 nuno.
882 327 928 396 v.
1113 355 1170 422 ψ

107 463 168 539 llla
186 462 297 538 locum
314 481 510 566 taurumque
529 466 586 540 diu
605 483 757 540 cunctata
769 465 944 566 relinquit;
1139 491 1171 540 25

158 578 223 653 Sed
240 581 334 674 niger
350 581 385 653 in
403 610 505 655 vaceae
520 598 654 682 pectore
672 579 756 653 livor
771 596 848 652 erat.

110 697 221 795 thue
241 695 358 796 procul
375 696 458 769 vidit
474 715 643 798 carpentes
659 695 782 797 pabula
801 713 934 784 tauros;

160 810 349 910 Carpebant
365 810 450 884 tauri
465 810 589 911 pabula
605 810 679 884 laeta
695 809 813 912 procul
826 840 834 897 ;

112 924 195 997 llluc
212 953 247 997 sc
263 926 389 1025 rapuit,
405 926 627 1026 gregibusque
644 927 824 1001 immiscuit
841 927 926 1014 illis3
1070 1008 1073 1014 ¹

161 1043 206 1113 Et
223 1040 320 1140 petiit
334 1041 448 1116 herbae
464 1042 635 1116 fertilioris
653 1072 759 1145 opem.
1144 1070 1176 1123 30

115 1159 193 1245 Dic,
208 1187 283 1253 age,
298 1176 467 1233 nocturna
482 1160 680 1260 quicumque
699 1188 734 1233 es
747 1158 900 1254 imaginis
915 1187 1034 1255 augur,

163 1275 199 1347 Si
215 1274 296 1375 quid
311 1273 439 1347 habent
453 1275 539 1362 veri,
557 1275 627 1348 visa
644 1275 725 1374 quid
740 1275 803 1347 ista
819 1274 935 1347 serant.

117 1389 170 1462 Sic
186 1417 247 1484 ego
262 1419 270 1462 :
284 1408 456 1464 noctumae
472 1390 519 1463 sic
537 1390 622 1463 dixit
637 1390 790 1486 imaginis
806 1418 924 1484 augur,

164 1504 362 1605 Expendens
378 1505 488 1578 animo
506 1504 636 1601 singula
652 1506 721 1580 visa
738 1535 822 1579 suo:

119 1618 228 1715 Quem
245 1638 281 1693 tu
297 1620 481 1695 mobilibus
496 1620 586 1695 soliis
604 1622 704 1694 vitare
720 1620 874 1707 volebas,
1113 1699 1116 1702 ,
1147 1642 1180 1694 35

167 1734 233 1808 Sed
247 1735 330 1811 male
347 1737 492 1826 vitabas,
511 1755 609 1811 aestus
627 1737 747 1810 amoris
764 1752 843 1808 erat.

120 1852 245 1935 Vacca,
259 1851 370 1947 puella
385 1871 442 1923 tna
458 1870 529 1921 est:
545 1870 642 1949 aptus
655 1849 749 1922 color
766 1847 820 1922 ille
838 1846 965 1949 puellae.

170 1965 223 2036 Tu
235 1963 300 2050 vir,
314 1980 347 2036 et
363 1963 399 2035 in
415 1991 511 2037 vacca
528 1992 678 2065 compare
697 1983 811 2039 taurus
828 1992 907 2038 eras.

122 2201 228 2236 consur
245 2182 310 2236 mibi
331 2202 388 2236 non
405 2182 488 2252 liquet
507 2202 630 2253 pronun·
677 2187 787 2238 ilurnunr
806 2183 957 2238 Puteaneus
969 2194 996 2236 et
1010 2183 1184 2239 sanavimus

124 2263 195 2329 tiore,
204 2269 248 2332 qui
256 2262 399 2333 legendum
406 2264 447 2316 sit.
458 2261 537 2316 Cloe.
545 2265 630 2316 lutus
678 2281 740 2315 curn
751 2261 834 2330 prima
843 2259 971 2325 editione,
984 2259 1002 2311 J
1004 2260 1071 2311 oreti
1080 2280 1184 2330 excerp·

98 2338 105 2345 ⁸
125 2351 169 2394 aut
179 2360 265 2394 conus
275 2340 310 2395 de
321 2350 397 2393 muro
409 2339 459 2393 dici
469 2358 524 2392 non
536 2341 628 2393 memi-
678 2341 727 2406 tis,
743 2359 771 2393 ac
783 2349 895 2409 quatuor
903 2337 957 2390 aliis
967 2338 1073 2407 scriptis.
1083 2338 1185 2393 Herus.

123 2417 168 2482 ni;
180 2437 260 2488 quare
272 2436 321 2488 ego
332 2418 448 2488 legerem
460 2436 522 2484 cum
533 2417 630 2488 vulga·
710 2417 751 2468 32.
761 2415 916 2485 Istaserunt.
929 2417 1031 2476 Valent,
1045 2414 1125 2467 editio
1135 2415 1186 2467 Mi·

122 2495 168 2562 tis',
179 2504 270 2562 notus,·
284 2507 327 2556 et,
341 2514 401 2549 cum
411 2495 574 2549 Francosurt
585 2494 631 2564 qui
678 2493 745 2566 cylli.
769 2495 854 2546 Veirnt
873 2491 963 2557 Junii,
986 2501 1012 2544 et
1029 2492 1064 2544 ita
1081 2490 1184 2544 volebat

125 2592 174 2641 pro
192 2594 233 2627 ore
249 2573 345 2626 babeat
360 2575 434 2633 inde,
452 2572 628 2642 refingerem,
679 2572 811 2626 Francius.
830 2570 977 2624 Anacreon.
991 2569 1043 2624 Od.
1058 2585 1137 2637 xus,
1150 2570 1185 2622 6:

125 2652 238 2703 albentes
251 2652 360 2702 abstulit
370 2652 427 2701 inte
438 2656 519 2702 notus.
532 2650 631 2703 Bonu-
679 2661 712 2706 Ti
722 2656 779 2706 nitu
788 2649 837 2705 rii
848 2657 981 2727 ineptiunt
994 2650 1092 2703 Buttns.

126 2753 160 2765 -
172 2729 253 2779 Notus
267 2745 316 2794 ego
330 2745 431 2795 quoque
443 2726 533 2780 malim
544 2748 550 2792 ;
558 2728 632 2796 [νόω
712 2733 752 2784 33.
765 2733 807 2785 Sic
816 2751 867 2798 ego.
878 2732 1122 2784 dementiorem
1132 2749 1186 2783 res-

127 2804 202 2858 enim
210 2805 255 2873 pili
262 2804 406 2873 longiores,
417 2824 495 2873 quam
504 2824 568 2873 quos
576 2804 631 2858 vel·
677 2812 770 2879 pendit
778 2814 897 2877 imaginis
906 2829 997 2876 aregur,
1011 2808 1151 2861 Juuianus.

128 2880 232 2935 licando
240 2881 329 2935 cornix
337 2883 450 2951 potuerit
460 2885 564 2952 auferre.
576 2882 631 2936 Cre·
712 2887 752 2953 34.
762 2889 911 2955 Expendens
923 2891 1007 2939 animo
1017 2888 1117 2953 singula
1128 2888 1186 2935 vesu

129 2967 217 3010 terum
230 2958 405 3028 metaphorice
415 2960 470 3014 baee
482 2961 588 3023 omnia,
605 2970 632 3013 et
680 2983 732 3017 suo.
738 2965 846 3034 Legitur
854 2975 893 3031 et,
902 2967 1049 3031 Exponens,
1063 2964 1089 3014 in
1098 2979 1183 3014 exem·

129 3055 177 3104 per
190 3037 296 3106 nigrum
315 3040 433 3100 livorem,
458 3039 503 3106 qui
520 3038 632 3093 maculas
681 3042 1026 3111 pluribus.MAn.Quatuor,
1036 3045 1186 3107 Exponens:

99 3178 107 3191 ,
129 3113 244 3167 albentes
259 3120 287 3167 in
303 3135 387 3168 uacca
395 3123 495 3184 pectore
507 3126 632 3186 occupat,
681 3121 801 3188 totidem,
809 3123 960 3188 Expediens.
969 3119 1113 3188 Quomodo
1120 3119 1188 3170 Fast.

130 3191 248 3262 intelligit
256 3192 480 3261 poetacandorem
489 3193 634 3263 ingenuum
681 3214 727 3265 ru,
739 3199 788 3271 669
800 3238 807 3264 ,
822 3199 849 3250 in
862 3218 889 3249 re
901 3198 978 3249 simili
990 3213 997 3246 τ

131 3270 283 3322 meretriciis
295 3271 392 3323 artibus
405 3291 435 3323 er
446 3271 533 3323 animo
542 3271 634 3340 puellae
682 3277 869 3326 E¹esdi¹⁰m¹¹10m
877 3276 950 3314 nemori
961 3274 1155 3324 gnsiaaimneonju.

131 3346 235 3412 penitus
244 3347 382 3400 sublatum.
395 3346 456 3399 Vid.
465 3348 524 3400 inlr.
534 3350 578 3415 43,
594 3350 634 3415 44.
683 3349 774 3413 Unus,
787 3350 931 3400 Adtendens
939 3364 946 3395 t
955 3345 1017 3411 duo,
1027 3348 1187 3398 Extendens:

167 3424 205 3474 28.
219 3426 318 3475 Pnbuta
330 3428 398 3476 turta.
413 3424 520 3494 Legitur
530 3437 571 3492 et,
580 3446 635 3493 pu·
683 3445 767 3493 unus,
777 3428 922 3486 Excedens,
933 3443 1001 3477 unus
1011 3424 1188 3485 Ambrosiam,

131 3501 269 3560 tutatuta,
283 3518 340 3567 quse
348 3500 422 3553 lectio
432 3503 536 3554 fontane
545 3504 633 3571 pejor,
683 3510 834 3564 Excutiens,
851 3524 904 3557 non
917 3504 993 3557 male.
1007 3502 1110 3572 Vulgati
1124 3501 1188 3570 qui-

132 3580 192 3648 quia
209 3580 318 3632 inferius
334 3580 411 3645 dicit,
428 3588 454 3633 et
464 3587 540 3648 petiit
555 3584 636 3633 irerboe
650 3634 666 3643 ,,
684 3585 744 3638 dam
755 3626 762 3651 ,
775 3589 911 3640 Excudent·
923 3600 930 3633 :
942 3583 1011 3652 quod
1023 3583 1127 3633 sortasse
1139 3580 1188 3644 sit,

124 3659 261 3726 fertilioris
271 3679 349 3725 opern.
366 3661 458 3720 lectu,
474 3661 591 3713 Lincoln.
609 3671 637 3714 et
684 3668 837 3725 Excutiens,
853 3674 882 3716 ut
894 3663 935 3715 lib.
950 3678 986 3726 11,
1000 3660 1078 3712 Trist.
1092 3661 1156 3723 224:

133 3737 232 3790 MOt'eli
251 3737 359 3799 lerlltlS3
381 3757 427 3807 0⁸0
449 3742 507 3790 leia
527 3740 637 3791 retineo.
709 3747 841 3796 Excutietque
850 3744 956 3782 otrilientie
964 3742 1084 3780 nuntietuis.

134 3814 236 3869 Lucret
249 3831 290 3879 ιι,
305 3815 353 3884 3¹7
365 3833 372 3866 :
684 3821 814 3872 Excutere
824 3817 906 3868 rarius
914 3815 1041 3883 poetisest
1049 3813 1173 3866 usitatum
1183 3836 1190 3877 ;

134 3905 184 3944 Nun
193 3918 242 3956 soepe
253 3907 272 3943 in
280 3904 326 3943 colli
339 3904 438 3942 tondentes
446 3904 523 3955 pabula
535 3904 583 3943 luta
684 3896 745 3948 licei
753 3896 787 3947 lla
795 3894 895 3946 loculus
901 3894 933 3945 sll
942 3893 1013 3961 Virg.
1023 3909 1046 3957 1,
1058 3892 1119 3944 ΕΩ.
1130 3896 1189 3961 174:

135 3975 230 4026 laniger:
238 3983 315 4026 reptent
323 3974 413 4025 pecudes.
511 3976 585 4015 Burtu-
686 3978 715 4015 Ae
727 3979 811 4028 primunr
819 3977 879 4013 silicis
887 3975 990 4012 scintillem
999 3976 1077 4013 tundit
1086 3977 1177 4014 Acbstes.

169 4051 207 4104 3n
216 4050 638 4121 Etpetiithertoesertiiiorisopen.
686 4049 739 4104 Sed
755 4049 808 4113 ibi,
828 4059 859 4100 ut
876 4067 907 4100 eu
923 4048 975 4100 suis
987 4046 1068 4100 MSS.
1082 4048 1191 4102 adnotat
