2798 4702
391 361 624 428 AMORUM
651 361 703 426 11.
734 359 879 427 ELEG.
914 361 1009 427 XII.
1181 385 1241 455 ¹¹9

180 572 1242 603 m

512 716 753 801 ELEGIA
784 718 895 803 XII.

421 1115 549 1156 uuum
556 1139 565 1167 t
586 1117 712 1157 coum
727 1117 846 1158 renunt
854 1171 855 1175 Ἰ
863 1118 988 1158 rortrut.

177 1257 254 1360 ITE
272 1285 489 1386 triumphales
507 1286 631 1361 circum
645 1316 717 1362 mea
733 1305 883 1389 tempora
894 1286 994 1376 lauri3

222 1402 390 1475 Vicimus!
405 1403 440 1474 in
456 1420 573 1476 nostro
591 1421 642 1476 est
657 1432 730 1478 ecce
745 1405 893 1478 Corinna
909 1404 993 1478 sinu.

176 1517 284 1614 Quam
301 1519 370 1606 vir,
390 1548 488 1620 quam
507 1537 637 1607 custos,
658 1548 756 1619 quam
772 1520 871 1619 janua
887 1519 995 1610 firma,
1014 1536 1068 1593 tot
1083 1518 1214 1610 hostes,

223 1636 420 1725 Servabaut,
438 1666 479 1711 ue
497 1666 562 1738 qua
579 1655 692 1738 posset
709 1637 751 1710 ab
770 1654 838 1710 arte
855 1637 939 1738 capi.

177 1751 254 1823 Ilaec
272 1769 323 1825 est
337 1754 504 1855 praecipuo
522 1753 659 1827 victoria
676 1752 776 1849 digua
793 1753 985 1855 triumpho,
1223 1774 1239 1826 5

224 1868 263 1939 Iu
282 1895 363 1968 qna,
378 1887 599 1970 'quacumque
616 1887 681 1959 est,
700 1871 860 1966 sanguine
877 1871 987 1973 praeda
1004 1888 1100 1947 caret

175 1983 251 2056 Nou
268 1983 409 2057 humiles
426 1984 532 2073 muri,
550 2013 620 2057 non
638 1986 749 2086 parvis
767 1986 891 2088 oppida
907 1986 1007 2059 fossis

207 2175 490 2242 nltetn'ampbalcsetc
499 2173 680 2242 Parto,quem
728 2174 782 2228 vito
790 2186 884 2246 poetae,
893 2174 1024 2230 suamsibi
1033 2173 1168 2228 victoriam
1178 2191 1236 2244 gra-

172 2262 306 2324 tantopere
319 2254 471 2323 exoptabat,
483 2253 634 2323 triumplio,
651 2255 679 2307 in
728 2256 822 2309 tulouti
831 2297 839 2324 ,
848 2256 999 2311 exclamatio
1010 2256 1075 2322 hec,
1087 2263 1128 2309 lot
1135 2257 1235 2309 hostes:

170 2349 244 2385 voees
255 2333 371 2401 erumpit
380 2332 496 2385 victorie
506 2331 584 2386 simul
593 2342 620 2384 et
628 2332 678 2385 lae-
728 2334 840 2405 quamsi
852 2335 1000 2405 parenthesi
1014 2333 1148 2388 incluseris
1159 2336 1238 2404 (quot
1283 2362 1287 2367 ·

170 2409 231 2462 titis:
242 2410 349 2464 indices,
359 2413 484 2464 -Lauri¹
494 2413 606 2473 laurus,
618 2412 679 2465 Pu·
727 2416 811 2467 hostes
819 2415 827 2467 l
835 2412 858 2483 ),
870 2415 936 2468 nihil
944 2414 1013 2468 aliud
1022 2423 1070 2478 est,
1078 2430 1158 2482 quam
1169 2429 1236 2479 pue-

170 2494 284 2541 teaneus.
726 2492 780 2546 rilis
791 2503 819 2545 et
835 2491 927 2562 frigida
947 2490 1091 2544 admodum
1108 2489 1233 2558 jactatio,

201 2562 225 2616 3.
238 2567 373 2630 Quamvr’n
382 2585 455 2633 poam
464 2572 549 2618 custos
558 2565 679 2634 etc.Quo
726 2579 754 2623 et
763 2569 854 2623 stolide
866 2570 914 2623 sibi
929 2567 1141 2638 adstupeseentis.
1161 2567 1232 2619 Leve

168 2641 303 2696 victoriam
315 2644 398 2713 magis
406 2644 532 2706 nobilitet,
544 2664 602 2714 quae
612 2646 677 2698 vin·

169 2720 252 2772 cenda
268 2722 447 2789 occurrerint,
466 2744 521 2776 non
533 2726 590 2778 sine
610 2744 676 2794 qua-

170 2793 231 2848 dam
243 2798 384 2851 ambitione
397 2812 543 2854 enumerat.
556 2802 601 2855 Sic
610 2803 674 2855 Ho-

170 2884 219 2927 rat
235 2892 284 2943 111,
299 2875 350 2931 od.
368 2895 429 2946 xvi,
447 2898 500 2949 quo
511 2879 676 2934 demonstret

169 2954 273 3023 certius,
283 2957 385 3011 nullum
393 2978 447 3013 esse
456 2960 553 3028 locum,
563 2979 616 3029 quo
624 2959 676 3013 adi·

168 3043 210 3086 tus
217 3055 278 3088 auro
287 3057 342 3090 non
351 3050 455 3108 pateat,
469 3038 575 3093 Danaes
586 3058 676 3093 exem-

726 2646 833 2716 quidem
850 2667 905 2701 esse
922 2646 1062 2699 discrimen
1080 2662 1135 2697 non
1155 2641 1232 2695 dissi-

726 2737 798 2790 teor3
815 2725 861 2779 sed
872 2724 923 2778 hoc
934 2724 989 2795 ipso
1002 2721 1151 2778 notandum
1168 2739 1232 2774 ma-

724 2804 777 2874 gis,
789 2822 843 2873 quo
854 2803 943 2857 levius.

757 2882 780 2934 5.
800 2884 1043 2950 Haecestprectpuo
1063 2890 1110 2934 etc.
1132 2879 1231 2932 Victo-

723 2960 790 3012 riam
802 2979 877 3013 suam
894 2961 1023 3031 precipue
1040 2955 1230 3020 commendat,

724 3038 796 3106 quod
809 3043 897 3106 preda
914 3043 1037 3105 sanguine
1053 3041 1154 3097 caream
1175 3051 1233 3101 que

724 3126 814 3169 tamen
826 3134 881 3169 non
894 3113 1063 3185 aspernanda.
1070 3115 1131 3167 Non
1142 3111 1230 3177 enim,

723 3206 769 3247 Non
777 3205 861 3243 humiles
871 3207 934 3254 muri,
945 3218 983 3243 non
994 3204 1060 3255 parvis
1069 3202 1140 3254 oppida
1150 3202 1207 3241 fossis

168 3111 239 3181 plum
252 3114 336 3169 adfert
347 3156 354 3183 ,
370 3136 451 3186 quam

318 3211 388 3249 Turris
398 3209 471 3249 slunes

748 3280 829 3326 cisen,
839 3278 872 3316 sed
880 3287 910 3316 est
920 3278 981 3316 ductu
990 3286 1046 3328 capta
1057 3278 1179 3328 puellsmoo.

723 3350 827 3422 Duplex
840 3351 918 3423 igitur
930 3360 1015 3421 poctoe
1027 3351 1098 3416 laus,
1116 3348 1161 3418 qui
1173 3368 1231 3401 ma-

724 3450 774 3502 gna
790 3431 865 3492 vicit,
884 3430 1037 3498 maioraque
1054 3429 1138 3482 victor
1156 3427 1230 3480 obti-

722 3508 798 3574 nuit,
809 3511 921 3575 puellam
935 3524 1017 3559 suam.

164 3613 196 3626 ·-
213 3588 263 3638 Tol
278 3589 370 3640 hostes.
393 3590 460 3655 Quot
480 3590 582 3642 nostes!
604 3588 673 3642 Me·
754 3587 879 3639 &Prode
889 3591 964 3639 carel.
976 3582 1101 3638 Francius
1108 3581 1229 3650 malebat,

164 3662 250 3717 diceus
271 3684 347 3718 unus.
365 3666 459 3732 Bene,
479 3666 566 3735 iuquit
584 3666 673 3720 Hein-
717 3682 817 3732 pugna,
831 3661 1179 3730 velpalmarminimevero
1188 3659 1231 3712 ali·

162 3741 213 3794 sius
229 3763 234 3795 :
251 3743 344 3795 melius
355 3763 418 3797 vero
430 3744 619 3812 Burmannus,
635 3754 674 3800 tot
722 3743 784 3811 quid
804 3743 980 3804 mutandum;
999 3752 1038 3795 est
1058 3740 1130 3793 enim
1142 3742 1230 3808 preda

160 3823 245 3873 hostes
263 3839 318 3873 uon
338 3841 491 3886 moverem;
510 3823 556 3876 sed
577 3842 672 3892 parum
719 3826 774 3872 seire
785 3825 909 3889 sanguine
917 3820 1027 3884 eadem,
1047 3837 1105 3888 quse
1113 3826 1227 3886 param

160 3897 264 3951 videtur
272 3899 426 3954 intellexisse
434 3920 545 3954 summm
554 3901 594 3953 vir
602 3921 671 3954 eru·
721 3899 841 3952 similiter
848 3899 903 3951 sere
913 3898 981 3969 apud
992 3898 1107 3964 Livium,
1116 3897 1231 3963 V111‚38:

163 3975 283 4044 ditionis,
297 3998 348 4032 nec
359 3979 459 4033 caeteris
471 3979 581 4049 praebuit
592 3978 672 4033 intel-
723 3980 796 4032 Caede
803 3983 916 4037 inermes,
925 3984 1097 4045 cruentamque
1108 3980 1163 4030 illis
1168 3994 1231 4044 pre·

162 4052 315 4124 ligandum,
333 4076 380 4110 cur
392 4055 460 4110 hauc
478 4057 513 4109 illi
530 4057 670 4111 lectionem
719 4057 779 4107 dam
795 4056 877 4107 redde,
898 4055 982 4124 Quasi
1003 4054 1090 4124 dicat,
1114 4054 1232 4125 ipsorum

164 4144 335 4200 preponeret.
348 4133 451 4188 Excidit
463 4135 569 4205 quippe,
581 4134 621 4191 vel
634 4134 671 4189 iu·
719 4134 845 4204 sanguine
866 4132 993 4192 venalem.

202 3281 332 3334 Robustnque
341 3283 392 3321 sores
400 3312 407 3332 ,
422 3292 442 3322 et
452 3284 534 3334 vigilum
543 3298 614 3329 cmm

202 3354 276 3394 'I'ristes
284 3355 384 3403 excultio,
396 3356 507 3396 nimiarum
518 3358 564 3395 sstis

245 3436 354 3479 NocturnIs
363 3437 388 3475 sb
396 3437 492 3476 adulteris
501 3451 507 3476 a

201 3510 221 3547 Si
232 3523 270 3548 uon
279 3509 381 3548 Acrisium
392 3519 430 3549 ste.
