2798 4702
191 381 257 426 rao
465 359 505 423 P.
539 357 720 426 OVIDII
746 357 974 428 NASONIS

188 501 286 574 More
303 514 435 598 patrum
452 497 554 571 Graio
572 497 686 573 velatae
700 500 849 573 vestibus
868 498 952 574 albis

222 615 374 688 ¹Tradita
390 616 567 715 supposito
585 617 706 691 vertice
724 645 816 691 saera
833 617 955 691 femnt.

191 732 260 806 Ore
278 731 389 805 favent
405 731 542 833 populi,
559 750 639 809 tune
654 763 757 835 quum
770 734 861 808 venit
875 763 975 808 aurea
991 763 1114 835 pompa
1128 761 1136 822 ;

238 850 316 948 Ipsa
334 848 519 923 sacerdotes
537 850 822 952 subsequiturque
841 879 927 924 suas.

189 963 313 1058 Argiva
328 983 378 1038 est
394 994 523 1067 pompae
539 966 649 1041 saeies.
663 969 915 1063 Agamemnone
934 995 1018 1041 eaeso

238 1083 286 1154 Et
299 1081 405 1156 scelus
423 1100 457 1157 et
472 1082 596 1184 patrias
613 1083 702 1179 fugit
720 1084 863 1158 Halesus
882 1113 973 1186 opes.

191 1198 332 1298 Jamque
348 1201 524 1300 pererratis
543 1201 708 1301 profugus
726 1219 897 1304 terraque,
912 1202 1082 1302 fretoque,
1170 1241 1181 1260 ι

241 1315 369 1389 Mania
385 1316 474 1391 felici
492 1319 644 1392 condidit
661 1318 726 1393 alta
740 1348 852 1393 manu.
948 1335 953 1349 ¹

194 1418 255 1503 Ille
272 1458 350 1505 suos
368 1433 484 1507 docuit
499 1436 648 1509 Junonia
664 1464 755 1511 saera
771 1437 929 1511 Faliscos.

243 1547 319 1620 Sint
336 1549 434 1637 mihi,
453 1551 521 1624 sint
537 1551 667 1652 populo
684 1581 814 1655 semper
831 1555 934 1627 amica
951 1582 1023 1627 suo.

197 1762 263 1797 nens
276 1744 356 1810 alter,
370 1745 469 1815 Regius
479 1765 563 1812 unus,
579 1746 632 1800 duo
644 1748 708 1800 Mo-
791 1751 832 1802 30.
845 1751 914 1802 Suos.
927 1749 1108 1819 Manuscripta
1117 1748 1171 1800 sere
1181 1744 1270 1799 omnia

197 1820 260 1886 reti,
269 1821 414 1887 etrresalii,
423 1823 709 1891 regnarunsedhicpre-
758 1825 915 1895 exemplaria
927 1825 1042 1891 habeut,
1056 1844 1119 1878 suas
1130 1844 1138 1879 .·
1151 1834 1178 1876 et
1187 1842 1222 1877 src
1233 1822 1271 1874 le-

196 1901 513 1972 murrlnrpraeserendum
527 1903 708 1957 laniamenim
759 1902 878 1974 gendum
893 1923 946 1955 esse
964 1904 1077 1954 arbitror
1092 1922 1098 1954 :
1111 1921 1174 1954 nam
1189 1900 1271 1954 semi-

198 1977 256 2030 auri
268 1988 294 2030 et
307 1997 472 2048 gemmarum
483 1980 586 2049 copiam
596 1980 709 2050 indicat,
760 1999 806 2032 nas
819 1979 873 2033 sere
884 1979 987 2032 Junoni
998 1979 1141 2032 sacrificare
1156 1978 1273 2046 legimus.

198 2067 228 2110 ut
239 2056 281 2110 vix
291 2056 407 2111 serendae
418 2057 556 2112 sufficiant.
566 2059 665 2112 Boura.
760 2059 840 2112 Man.
848 2061 1055 2127 consequiturque
1061 2059 1274 2110 Francosurtem.

234 2157 274 2206 ²7·
296 2137 368 2189 More
379 2142 480 2203 patrum
502 2139 590 2191 Graio.
611 2139 709 2201 Gran,
761 2137 852 2203 Junii,
868 2135 991 2191 Scriverii
1005 2145 1032 2188 et
1045 2135 1131 2204 plures
1144 2134 1194 2185 alii.

200 2225 321 2284 excerpta
334 2213 464 2281 Puteani,
478 2214 604 2285 scaligeri
621 2235 650 2268 ac
659 2216 712 2268 Ju·
795 2214 1276 2283 34.Maamselicicondidr'lallamann.

200 2293 259 2346 reti.
271 2292 359 2363 Lege,
376 2294 457 2361 Grajo
468 2313 476 2346 :
489 2304 565 2364 atque
577 2295 612 2348 ita
621 2295 714 2349 Arun-
764 2293 928 2352 Recreaua,
947 2292 1008 2345 urbs
1027 2291 1122 2360 quippe
1134 2288 1163 2340 in
1182 2299 1277 2341 monte

201 2370 321 2425 delianus
338 2410 346 2437 ,
369 2382 397 2424 et
417 2391 465 2442 pro
484 2371 584 2426 diversa
601 2373 713 2426 lectione
764 2371 865 2442 posira;
879 2369 1007 2438 ideoque,
1022 2369 1052 2435 6,
1069 2371 1141 2421 clivis
1154 2365 1277 2434 difficilis.

203 2451 373 2505 Sarravianua
385 2462 413 2505 et
424 2452 638 2508 Barberinianus.
653 2455 714 2525 Op·
764 2454 981 2504 -Felekiantem
989 2469 1064 2501 manu
1072 2489 1078 2508 ‚
1086 2446 1147 2516 quia
1154 2464 1195 2498 res
1202 2463 1279 2514 pros·

204 2533 283 2587 rimus
301 2533 412 2587 Palatio.
426 2536 619 2603 Grajum:mox
633 2535 715 2604 ἀίω,
765 2549 827 2600 pere
846 2529 945 2584 colonis
967 2539 1094 2594 cesserat,
1112 2535 1202 2597 utpote
1219 2542 1278 2593 quo

204 2609 301 2677 Argiva
312 2619 352 2664 es!
358 2612 557 2681 pompaesacrks.
765 2607 836 2661 bona
846 2627 893 2661 ave
906 2606 1043 2676 auspicata.

238 2690 278 2742 28.
292 2691 399 2742 Tradita
406 2709 489 2742 sacra.
500 2690 572 2759 Quae
579 2695 720 2745 tradiderat
799 2688 840 2742 36.
848 2690 978 2741 Sr'nlme'hi.
987 2680 1282 2751 Francirulegebat,sil

208 2764 343 2833 Halesus,
366 2787 450 2838 graeoo
462 2786 536 2821 more
550 2767 718 2838 perficienda.
767 2770 844 2829 mihi,
863 2770 1019 2833 sr'lpopu103
1039 2782 1119 2833 quare
1137 2772 1164 2814 et
1180 2777 1278 2830 praeoe·

240 2869 280 2921 aq.
298 2848 541 2917 Oresarenlpopulr'.
555 2851 718 2915 Farerpopu·
769 2841 1280 2912 dentiversulunonr'scorrigebatzama·

206 2928 247 2978 lus
256 2944 325 2979 unus
336 2925 460 2979 Politiani
472 2936 499 2979 et
510 2925 618 2979 Moreti.
633 2927 719 2992 Puto,
768 2932 797 2977 la
808 2923 928 2977 Francos.
938 2924 1124 2976 erpuaeaneus
1135 2918 1218 2984 alter,
1232 2934 1280 2986 pro

202 3005 296 3074 sareu!
302 3009 416 3073 populus.
428 3006 529 3061 Hms.
769 3003 840 3057 varia
852 3002 972 3056 lenione.
