2798 4702
355 355 589 424 AMORUM
615 357 691 422 III.
724 355 870 423 ELEG.
906 359 1025 425 XIII.
1167 384 1232 427 uin

1214 414 1229 454 Ι

161 504 182 574 J
185 501 317 601 uppiter
334 514 391 572 ant
407 498 442 569 in
459 525 549 583 aves,
565 514 621 569 aut
639 524 673 569 se
692 496 907 570 transformat
923 498 958 570 in
972 527 1087 572 aurum
1101 528 1109 586 3

210 617 281 688 Aut
297 631 385 689 secat
402 614 557 714 imposita
574 613 703 708 virgine
720 631 837 687 taurus
854 641 967 714 aquas.

163 733 282 805 Protea
301 730 382 831 quid
398 730 552 816 reseram,
571 729 798 830 Thebanaque
816 730 959 819 semina,
974 730 1115 806 dentes?
1201 756 1234 808 35

214 848 283 944 Qui
299 864 470 921 vomerent
485 846 632 921 flammas
650 875 726 935 ore,
743 846 846 920 luisse
861 846 993 922 boves?

165 963 257 1038 Flere
275 964 368 1059 genis
384 963 503 1038 electra
522 981 611 1050 tuas,
625 965 771 1060 Auriga,
787 965 946 1037 sorores?

215 1082 364 1181 Quaeque
382 1097 469 1154 rates
486 1079 626 1166 fuerint,
642 1109 733 1155 nune
751 1081 852 1154 maris
869 1108 940 1154 esse
956 1082 1072 1155 Deas?

168 1200 394 1298 Aversumque
413 1196 500 1271 diem
516 1197 641 1271 mensis
657 1196 835 1272 furialibus
851 1198 973 1271 Atrei?

217 1315 375 1415 Duraque
392 1341 583 1415 percussam
601 1342 677 1387 sara
695 1333 807 1388 secuta
824 1313 955 1415 lyram?

169 1430 248 1502 Exit
263 1431 298 1503 iu
316 1431 511 1505 immensum
526 1429 668 1504 secunda
684 1429 818 1505 licentia
835 1448 968 1504 vatum:

219 1546 360 1641 Obligat
375 1547 535 1620 historica
552 1575 613 1620 nec
631 1576 691 1620 sua
706 1547 807 1621 verba
824 1546 898 1620 lide.

171 1664 215 1736 Et
231 1691 302 1736 mea
323 1663 482 1737 debuerat
496 1662 579 1738 salso
597 1663 730 1738 laudata
745 1664 849 1738 videri

220 1780 370 1853 Femina!
386 1781 574 1856 Credulitas
591 1810 681 1855 nuuc
696 1781 779 1855 mihi
797 1799 905 1855 vestra
920 1797 1029 1853 nocet.

175 1983 255 2041 puto,
268 1971 388 2026 Deorum
401 1991 567 2030 arcanarum
577 1984 684 2028 morta·
766 1977 805 2040 4¹·
823 1975 889 2025 Exi!
899 1977 926 2024 r'n
938 1969 1203 2038 immensumficunda
1213 1972 1248 2020 li-

174 2051 684 2122 libustommunicasset:idqueostendit
733 2052 1247 2117 continuaturuDuoMalseian.jucurrda

176 2131 323 2202 Euripides,
333 2132 408 2184 initio
417 2131 537 2198 Orestis,
548 2133 592 2185 ubi
600 2131 646 2200 sie,
655 2132 685 2184 8:
733 2134 835 2183 lr'cenlr'a
843 2137 936 2183 vatum.
947 2133 1069 2182 Facunda
1080 2127 1246 2181 Francosurt.

335 2198 463 2274 duraz„
480 2213 650 2284 nonna„
735 2209 928 2276 sennonem
937 2209 1058 2275 Palatini,
1070 2207 1249 2262 remensem

176 2295 259 2371 Ιξοωὶς
270 2291 382 2365 τραπίζις
392 2286 480 2356 alfius?
489 2293 550 2355 ἕχων
562 2295 611 2342 tm
618 2326 625 2353 ,
735 2298 793 2341 octo
807 2287 849 2340 alii
862 2306 868 2340 :
875 2287 991 2353 chunda
1002 2285 1161 2355 quindecim.
1260 2319 1263 2331 ·

176 2370 293 2431 Λκὶὶαςον
307 2369 687 2434 ἴσχιγλῶσσαν,αἶσχίςηννο’σον.
768 2367 807 2432 dd.
824 2368 920 2417 Vcslra.
939 2364 1045 2418 Rectius
1057 2364 1093 2417 sle
1106 2363 1133 2416 ln
1146 2381 1248 2415 manu-

177 2444 238 2497 Vid.
251 2455 278 2498 et
290 2445 391 2516 Hygiu.
403 2445 466 2499 Fab.
479 2461 563 2497 rxxrr.
734 2445 834 2515 scriptis
844 2444 1033 2515 exemplaribus
1044 2442 1156 2512 legitur3
1170 2460 1248 2495 ruen-

209 2527 250 2591 4ο,
257 2527 405 2577 Percussum
411 2527 688 2596 lymmPercussasls-
735 2522 796 2576 dose
806 2523 833 2575 in
840 2521 895 2575 aliis
902 2529 997 2575 nostra.
1007 2521 1168 2589 Adloquitur
1177 2518 1248 2573 euim

177 2604 562 2657 msFraneoIBem.Sarravii
573 2603 688 2657 etmulti
735 2599 829 2653 rivales
846 2618 907 2653 suos
925 2611 1022 2670 poeta:
1040 2598 1126 2668 quod,
1145 2596 1248 2666 inquit,

177 2681 226 2734 alii.
250 2679 353 2750 Orphei
373 2690 399 2733 et
417 2680 575 2751 Amphionis
590 2679 688 2733 fabulas
737 2675 1253 2739 meisearminibnsnimiumcredrrliluis·

179 2757 290 2827 respicit.
737 2755 786 2822 tis,
801 2754 826 2807 id
840 2755 905 2807 mihi
917 2763 997 2809 nocet.
1009 2755 1089 2809 Mna.

506 3095 749 3182 ELEGIA
785 3096 927 3181 XIII.

601 3454 725 3495 suttona
742 3453 838 3495 SACRA.

190 3581 336 3708 QUUII
353 3615 436 3689 mihi
451 3616 622 3716 pomiferis
639 3616 761 3717 conjux
778 3615 866 3689 foret
884 3631 956 3687 orta
972 3610 1109 3686 Faliscis
1123 3638 1131 3696 ;

221 3838 243 3870 ι.
253 3816 413 3883 Conjutoria
418 3817 534 3868 Faliscis.
544 3814 611 3867 Earn
618 3813 697 3868 Etru·
748 3811 864 3866 Celebre
877 3810 946 3882 apud
959 3810 1016 3862 illos
1027 3807 1143 3862 Junonis
1156 3807 1261 3878 Argiva

187 3897 231 3951 riae
245 3909 349 3967 partem
366 3894 516 3949 incolebant
528 3894 637 3959 Falisci,
650 3894 697 3962 qui
746 3889 893 3959 templum
913 3898 939 3941 et
952 3889 1014 3940 urbs
1024 3887 1146 3957 princeps
1159 3885 1260 3940 Faleri-

188 3978 299 4031 omnino
309 3975 403 4030 diversi
416 3973 584 4048 a'I'yrrhenis
594 4011 602 4038 ,
614 3972 699 4026 mori-
747 3987 814 4021 num
831 3979 875 4022 aut
893 3968 1041 4035 Faliscum,
1066 3986 1130 4022 nam
1146 3977 1259 4036 utroque

188 4054 236 4108 bus
248 4067 274 4109 et
282 4056 470 4125 ipsoserrnone
480 4091 488 4118 ,
499 4070 578 4121 quarn
590 4049 698 4103 interio·
747 4046 857 4102 nomine
870 4067 885 4100 a
897 4046 1028 4112 Strabone
1040 4062 1075 4112 v,
1088 4047 1118 4111 8,
1132 4045 1258 4115 designa-

190 4151 248 4188 rem
259 4133 399 4200 dicebant,
412 4131 454 4185 rel
465 4129 698 4184 Mediterraneum.
748 4136 806 4197 tur3
817 4125 889 4195 quod
901 4125 969 4181 male
978 4125 1166 4196 interpretatus
1175 4121 1264 4179 Solio.
