2798 4702
368 350 604 417 AMORUM
632 351 662 416 1.
687 348 836 418 ELEG.
867 351 976 420 XIV.

140 495 209 568 Noc
228 508 339 565 tamen
356 507 428 563 ater
443 507 528 577 erat,
549 507 696 564 necerat
713 504 822 563 tamen
840 518 959 565 aureus
975 488 1062 568 illis:

190 608 271 697 Sed,
290 605 442 709 quamvis
458 624 594 694 neuter,
613 605 738 680 mixtus
753 623 894 708 uterque
911 605 1013 683 color.

142 724 284 823 Qualem
301 722 431 798 clivosa
444 722 587 797 madidis
600 723 636 795 in
652 721 795 797 vallibus
814 723 880 798 ldae

188 841 304 916 Ardua
321 841 456 942 derepta
474 839 596 915 cortice
611 839 728 914 cedrus
740 839 852 914 habet.

142 958 252 1047 Adde,
272 957 365 1059 quod
380 975 415 1032 et
431 956 575 1045 dociles,
595 974 628 1030 et
646 973 778 1030 centum
795 955 937 1032 flexibus
953 959 1039 1058 apti,
1074 992 1077 996 ·

190 1077 235 1148 Et
250 1074 314 1147 tibi
331 1072 458 1148 nullius
475 1102 574 1148 causa
590 1073 716 1147 doloris
733 1091 836 1148 erant.

142 1191 220 1264 Non
235 1218 315 1264 acus
332 1190 483 1290 abrupit,
502 1219 572 1263 non
587 1188 693 1264 vallus
711 1190 853 1291 pectinis
870 1188 972 1264 illos:

191 1307 352 1381 Ornatrix
370 1324 444 1380 tuto
463 1335 603 1407 corpore
619 1334 751 1407 semper
767 1324 847 1380 erat.

143 1423 231 1497 Ante
246 1452 340 1499 meos
357 1422 474 1497 oculos
488 1451 575 1524 sape
592 1441 643 1497 est
657 1440 790 1512 ornata;
806 1451 868 1497 nec
885 1449 1034 1522 unquam

175 1633 201 1684 p
220 1613 274 1664 Nec
293 1617 378 1663 lanes
398 1615 457 1663 ster
472 1616 531 1663 emt
544 1619 593 1664 etc.
614 1609 655 1663 lta

143 1687 260 1762 Bathylli
270 1708 358 1743 comas
366 1688 506 1742 Anacreon
515 1689 588 1759 pingi
598 1686 655 1742 vult

145 1766 201 1822 Od.
213 1783 298 1820 xxix:

227 1849 332 1922 decepis
341 1849 413 1914 ss'poes
422 1853 533 1911 solares,

226 1928 264 1979 'rt
274 1931 317 1992 pta
325 1929 424 1989 atsto,
433 1930 558 1991 μελαίνας,

227 2005 265 2056 Tei
276 2000 299 2056 α’1
313 2005 334 2062 le
345 2005 426 2078 ἄκρον,
441 2004 548 2064 diruisse.

144 2109 179 2122 -
189 2083 243 2136 Nec
250 2085 309 2134 emt
317 2082 487 2133 coloramus
493 2081 546 2130 ille.
560 2077 656 2130 Putea·

144 2180 209 2215 neus
220 2170 248 2214 et
260 2158 369 2230 quidam
381 2157 439 2224 alii,
452 2162 656 2227 1119111εηὶ11-

143 2259 200 2293 m
207 2257 300 2292 ursus
309 2240 357 2290 a'lle
370 2252 378 2284 .·
390 2233 530 2302 nonnulli,
543 2253 591 2288 aec
600 2238 659 2287 m!

144 2326 228 2373 lma
236 2337 329 2373 aumas
338 2320 394 2371 17111
405 2336 413 2369 .·
425 2325 568 2385 utrumque
578 2316 657 2369 bene.

179 2417 217 2451 ro.
227 2401 285 2450 Illis
291 2401 388 2450 mixtus
398 2400 502 2464 uterque
510 2398 586 2448 color.
599 2393 657 2461 Qui

144 2475 246 2530 medius
265 2475 373 2545 nigrum
395 2473 467 2526 inter
487 2483 515 2527 et
533 2472 655 2540 fulvum,

144 2554 216 2624 quasi
234 2564 262 2608 et
279 2553 360 2605 rutilo
379 2550 521 2621 nigrescit:
539 2550 657 2605 colorem

144 2633 228 2686 nostri
239 2635 347 2685 cddlain
358 2631 507 2683 nominant.

181 2731 219 2763 11.
236 2710 344 2777 Br'replo
356 2712 455 2761 codice.
471 2709 583 2777 Dempto
596 2707 657 2760 Pu-

146 2801 263 2842 teaneus
283 2784 336 2839 Sed
350 2785 442 2855 optim.
461 2785 542 2840 Palat
559 2787 658 2839 directa

145 2871 249 2921 codiee.
275 2864 346 2934 Lego
367 2863 461 2934 igitur,
482 2866 587 2932 derepta
608 2873 657 2918 ele.

144 2964 210 3000 nam
228 2945 326 3000 Nostro
345 2963 376 2998 ea
396 2961 444 2995 vox
464 2953 493 2996 ut
512 2943 658 3013 plurimum

144 3022 276 3078 loeminini
295 3033 334 3075 est
354 3021 476 3092 generis,
501 3020 535 3074 de
553 3041 605 3090 qua
624 3020 658 3074 ad

144 3100 324 3170 Metamorph.
341 3117 387 3167 tv,
412 3100 477 3170 375,
495 3097 605 3153 dicetur.
621 3100 658 3154 11.

144 3209 178 3220 -
197 3181 299 3234 Cedms.
323 3176 444 3232 cedrum
464 3177 493 3230 in
517 3176 564 3231 lda
588 3177 659 3232 nasci

703 1608 808 1679 elegans
821 1610 993 1676 periphrasis.
1007 1624 1056 1678 pro
1063 1612 1157 1677 pecten
1168 1607 1215 1679 ip-

702 1706 771 1741 sum.
779 1686 819 1741 Ut
828 1688 901 1741 enim
910 1688 938 1740 in
946 1691 1016 1740 stallo
1023 1686 1096 1755 palus
1107 1687 1213 1758 palum,

701 1765 739 1819 sic
752 1766 780 1820 in
799 1764 909 1836 pectinis
921 1766 1014 1820 ordine
1028 1764 1137 1820 dentem
1149 1765 1215 1822 dens

701 1845 876 1915 sulasequitur.
886 1873 920 1885 -
926 1849 984 1901 Non
992 1851 1089 1904 uallum
1095 1854 1215 1917 peceato.

706 1925 798 1976 Valles
810 1923 872 1994 legit
884 1944 916 1977 ex
931 1925 1021 1980 codiee
1039 1925 1218 1981 Arundelian.

704 2001 750 2069 qui
758 2001 920 2056 Pirtkemeri
928 2002 992 2057 olim
1003 2005 1065 2067 suit,
1079 2005 1107 2058 in
1118 2005 1217 2060 Obser-

703 2080 851 2136 vationibus
860 2081 1011 2138 Gronovius
1020 2106 1027 2147 ;
1036 2095 1098 2138 utet
1104 2086 1218 2140 Metam.

703 2177 773 2225 Vnt,
783 2163 846 2216 285:
855 2165 976 2234 stantque
984 2169 1219 2222 teramnanae.

739 2239 777 2296 16.
798 2243 920 2296 Omstnlr
937 2249 992 2297 tuto
1004 2265 1107 2313 corpore
1122 2265 1222 2314 semper

703 2324 767 2372 emt.
785 2319 883 2374 Notata
894 2320 945 2376 hoc
958 2321 1069 2392 dignum
1085 2343 1166 2391 sane,
1186 2325 1217 2378 iu

704 2396 797 2468 puelle
808 2398 922 2451 laudem.
939 2400 1001 2455 Non
1013 2401 1086 2453 enim
1098 2419 1159 2453 raro
1170 2420 1219 2454 ac-

703 2474 820 2542 cidebat,
833 2487 863 2529 ut
874 2477 895 2529 si
908 2476 971 2544 quid
983 2487 1103 2546 peoearet
1114 2478 1217 2532 cincin-

704 2570 755 2605 nus
764 2553 804 2605 vel
817 2553 946 2620 annulus,
959 2553 1029 2607 flecti
1039 2553 1173 2621 indocilis,
1186 2555 1217 2610 in

704 2631 828 2685 miseram
836 2632 996 2687 ornatricem
1007 2634 1098 2688 furens
1107 2633 1218 2689 domina

705 2707 925 2776 debaccharetur;
943 2723 989 2778 et,
1007 2710 1115 2782 derepta
1133 2731 1216 2783 quam

704 2790 812 2843 tenebat
835 2810 906 2858 acu,
935 2791 1015 2862 ipsius
1034 2811 1164 2847 mammas
1192 2804 1234 2849 et>

704 2868 810 2922 brachia
821 2882 1006 2943 perpungeret.
1027 2873 1098 2927 Rem
1111 2892 1217 2940 amare,

705 2948 817 3016 utsulet,
825 2949 887 3004 Juv.
896 2949 1033 3018 desmibit,
1043 2951 1097 3005 Sat.
1106 2967 1146 3018 vr,
1155 2953 1218 3024 490:

704 3039 796 3091 Disponit
805 3041 878 3079 crinem
887 3069 894 3088 ,
906 3041 995 3079 iuratis
1005 3041 1047 3091 ipsa
1056 3042 1133 3090 capillis
1142 3069 1149 3087 ,

704 3118 765 3158 Nuda
777 3117 869 3157 humeros
881 3119 951 3158 Psecas
967 3119 1046 3167 infelix,
1061 3120 1161 3172 nudisqm
1169 3132 1217 3160 ns-

775 3193 843 3231 niuis.

144 3276 276 3328 nusquam
292 3256 352 3310 alibi
364 3246 426 3326 legi.
444 3254 547 3308 Marius
564 3255 597 3308 de
611 3255 660 3309 lda
743 3271 772 3310 ior
792 3272 810 3308 ic
834 3286 846 3309 u

147 3337 270 3392 Cretensi
278 3336 383 3389 videtur
393 3334 437 3388 hic
445 3335 585 3405 suspicari,
598 3334 659 3404 quia

144 3414 249 3471 Plinius
262 3412 381 3467 Cedrum
393 3413 421 3466 in
432 3411 513 3466 Creta
524 3414 594 3466 nasci
607 3413 660 3468 ait:

144 3495 191 3550 sed
204 3514 252 3565 per
263 3492 353 3561 Idam,
367 3493 518 3563 simpliciter
528 3494 657 3562 positam,

145 3571 459 3645 leresemperPlrrygium
465 3583 586 3627 montem
593 3572 659 3629 Poe·

144 3662 179 3708 ta
190 3651 348 3722 intelligunt
362 3651 460 3705 Bonas.

181 3730 218 3784 13.
230 3732 269 3783 Er
274 3732 378 3783 docries.
388 3729 457 3783 Tres
465 3727 524 3782 libri
530 3769 538 3796 ,
542 3728 659 3797 faciles:

144 3807 200 3863 duo
206 3848 214 3875 ,
214 3809 340 3878 fragiles:
348 3808 394 3864 sed
402 3807 467 3861 nihil
475 3818 556 3861 muta.
565 3805 659 3860 Claud.

145 3886 180 3939 de
192 3887 356 3958 Rapt.11,30
368 3903 375 3937 :
387 3889 515 3940 Iudocr‘les
525 3904 659 3939 σηπιο-

145 3964 659 4036 11111111ο11ρ11111,1ρ11111,1111111111111·

144 4046 238 4102 tinnos
250 4044 321 4100 flecti
331 4064 388 4098 non
399 4054 477 4098 erant
485 4043 604 4097 adsuetas.
618 4044 658 4097 lu.

182 4128 220 4180 15.
236 4128 294 4183 Nos
306 4128 392 4180 vallus
398 4128 516 4193 pecteris.
529 4122 621 4179 Suavis
633 4132 660 4176 et

285 4228 342 4295 II.

705 3419 760 3469 Quid
771 3420 840 3458 Psecas
855 3419 954 3460 admisit?
970 3432 1059 3472 umen
1071 3429 1101 3460 est
1110 3419 1143 3461 hic
1156 3422 1215 3474 eulpa

778 3493 861 3544 puello,

704 3572 725 3611 81
735 3571 770 3610 tibi
780 3571 882 3624 displicuit
890 3573 968 3612 nesus?
977 3581 1016 3612 sto.

740 3672 778 3720 ¹7·
790 3654 860 3705 Ante
870 3671 940 3705 meos
949 3654 1037 3705 oculos
1047 3669 1113 3718 saepe
1123 3657 1166 3704 est
1175 3671 1218 3706 or·

704 3736 775 3783 urla.
793 3729 882 3781 Etiam
899 3728 940 3782 hic
953 3728 984 3780 lit
999 3728 1083 3781 subita
1096 3730 1216 3786 transitio

705 3827 720 3861 a
738 3825 849 3877 persona
866 3807 892 3859 in
913 3824 1060 3874 personam.
1078 3807 1168 3878 ltaque
1185 3819 1216 3864 ut
1254 3815 1256 3818 ’

704 3886 733 3938 in
743 3885 876 3955 superiore
889 3885 980 3954 Elegia
989 3905 1076 3939 versus
1087 3887 1216 3957 quosdam

705 3962 839 4017 abundare
852 3961 982 4030 diximus,
1001 3964 1037 4016 ita
1048 3963 1090 4018 hic
1102 3967 1216 4036 reliquos

705 4040 853 4097 desiderare
872 4043 953 4112 possis
968 4061 975 4096 t
989 4062 1053 4096 narn
1071 4045 1131 4099 alies
1147 4046 1216 4100 Ovi·

705 4119 815 4180 diarium
824 4141 880 4177 non
893 4131 941 4187 est,
951 4130 1006 4178 tam
1014 4123 1100 4179 subito
1108 4123 1217 4196 etquasi

1037 4227 1057 4290 5
