2798 4702
226 361 268 426 92
500 339 538 404 u.
559 330 753 406 ¹outuu
786 326 1012 410 uusours

226 474 346 571 Qualia
363 502 425 550 uec
441 475 533 550 fratri
551 477 665 552 tulerit
681 508 833 574 germana
846 508 959 554 severo
973 509 982 569 3

272 592 339 666 Sed
355 590 468 665 tulerit
485 594 607 694 cupido
625 593 737 668 mollis
754 595 857 668 amica
877 595 969 668 ri'ro:

224 706 346 804 Qualia
363 707 599 797 credibilem,
618 736 679 784 uec
696 710 863 784 Phoebum
877 709 960 782 serre
979 709 1118 799 Diauae;·

273 823 338 897 Sed
351 825 513 897 Venerem
527 825 630 898 Marti
647 853 732 925 saepe
751 823 866 898 tulisse
881 853 958 898 suo.

227 940 320 1037 Quid
338 940 441 1014 lacis?
458 939 622 1028 exclamo;
643 969 711 1042 quo
726 970 815 1015 nunc
830 969 901 1014 mea
919 941 1036 1036 gaudia
1052 941 1185 1016 defers?

275 1056 422 1155 lujiciam
441 1057 593 1132 dominas
610 1057 646 1129 iu
663 1085 736 1131 mea
749 1057 823 1155 jura
839 1084 967 1131 manus.
1260 1082 1293 1133 ³0

226 1173 304 1246 flaec
321 1171 384 1244 tibi
401 1173 469 1245 sint
486 1202 631 1261 mecum,
646 1173 729 1246 mihi
746 1172 815 1245 siut
831 1172 1020 1246 communia
1033 1191 1163 1248 tecum:

271 1291 313 1363 Iu
330 1290 421 1363 bona
437 1318 497 1363 cur
514 1290 691 1391 quisquam
708 1288 825 1362 tertius
842 1287 904 1361 ista
921 1286 1038 1361 veuit?

169 1440 173 1449 ’
225 1408 301 1481 Hoc
317 1437 397 1504 ego;
419 1435 556 1508 quaeque
576 1406 676 1480 dolor
692 1406 813 1499 liuguae
827 1403 963 1476 dietavit
977 1434 985 1477 :
1001 1421 1035 1478 at
1051 1404 1099 1478 illi

276 1525 419 1599 Conscia
435 1551 623 1625 purpureus
638 1523 729 1596 venit
746 1522 781 1594 iu
800 1549 858 1595 ora
873 1521 995 1621 pudor.

226 1639 334 1738 Quale
352 1637 538 1713 coloratum
553 1639 694 1712 Tithoni
712 1638 854 1735 conjuge
872 1636 988 1710 caelum

277 1756 466 1843 subrubet,
483 1772 542 1829 aut
559 1784 684 1857 sponso
704 1755 772 1828 risa
789 1751 901 1855 puella
916 1781 1025 1825 novo:

229 1873 336 1970 Quale
352 1902 436 1948 rosae
452 1872 583 1969 fulgent
600 1874 687 1947 iuter
703 1901 762 1947 sua
778 1869 847 1944 lilia
862 1869 971 1942 mixtae
984 1898 992 1957 ;

276 1990 348 2062 Aut
364 1988 424 2063 ubi
439 1990 579 2062 cantatis
597 1991 692 2062 Luna
707 1987 838 2062 laborat
851 1985 969 2085 equis:

226 2108 299 2179 Aut
316 2105 427 2206 quod,
447 2132 488 2178 ne
498 2103 617 2200 longis
631 2105 801 2179 flavescere
817 2100 927 2203 possit
943 2099 985 2172 ab
1002 2099 1116 2184 annis,
1214 2185 1217 2191 Ι

278 2223 420 2295 lllaeonis
436 2223 611 2322 Assyrium
627 2221 751 2295 femina
768 2218 868 2293 tiuxit
882 2216 975 2290 ebur.
1265 2237 1297 2301 40
1323 2320 1326 2325 1

229 2337 295 2411 Hic
312 2357 399 2427 erat,
417 2355 474 2412 aut
492 2338 613 2439 aliquis
628 2336 723 2411 color
739 2334 795 2410 ille
815 2330 1002 2408 simillimus
1020 2330 1161 2417 horum;

229 2541 295 2611 pulti
313 2549 341 2596 et
353 2560 448 2595 somno
464 2540 591 2608 jacebant.
612 2538 741 2593 Ovidium

230 2618 273 2671 hic
281 2617 393 2672 Ovidius
403 2619 606 2687 iuterpretatur,
620 2616 665 2685 qui
675 2615 741 2668 libro

230 2697 373 2766 superiori:

229 2781 250 2817 si
258 2780 307 2818 beno
315 2781 432 2833 componitur
438 2792 505 2818 romum
513 2779 598 2832 vinoque
605 2779 683 2831 juratio

231 2851 268 2905 Et
288 2852 383 2904 Horat.
405 2852 492 2905 Serm.
506 2870 532 2920 1,
555 2854 610 2906 Sat.
626 2869 670 2917 rx,
691 2853 742 2905 28:

232 2933 337 2988 Omnes
348 2939 483 3000 composui.
500 2960 534 2973 -
548 2934 621 2986 Unus
632 2939 661 2986 et
669 2936 742 2985 atter.

186 3043 191 3054 ·
231 3008 264 3062 In
273 3008 391 3062 tuniano
399 3020 472 3077 erat,
484 3014 589 3063 altere!
597 3014 681 3074 altem·
694 3007 740 3062 red

231 3103 322 3145 tamen
335 3092 445 3161 praesero
456 3131 463 3159 ,
476 3112 540 3145 uuus
548 3099 576 3146 et
584 3096 668 3146 aller:
676 3097 745 3146 alter

231 3180 260 3225 el
269 3177 338 3226 aller
345 3174 417 3226 euim
432 3172 464 3226 ‹le
475 3173 577 3227 (luobus
589 3184 692 3227 tautum
703 3172 741 3225 di-

232 3250 322 3316 cirur';
348 3271 413 3305 uuus
432 3257 461 3304 et
474 3255 543 3304 aller
555 3249 588 3303 tle
610 3249 742 3320 pluribus:

235 3347 395 3398 quamquam
409 3329 507 3382 Donat.
524 3327 557 3383 ad
575 3327 637 3380 Ter.
657 3324 742 3380 Andr.

234 3429 264 3473 r,
277 3425 296 3460 1.
309 3411 409 3463 Amans
420 3430 485 3464 uuus
499 3415 600 3462 etitem
610 3412 688 3468 aller,
709 3406 743 3459 de

233 3488 316 3544 tribus
335 3490 460 3559 explieat,
481 3490 541 3559 quia
559 3489 693 3558 sequitur,
716 3491 748 3540 ui

233 3575 348 3624 iterium
360 3576 439 3625 simul
446 3576 582 3633 amabaut‚·
600 3569 646 3624 sed
658 3569 744 3623 male:

235 3659 274 3701 ost
289 3650 361 3702 euim
379 3649 519 3703 indefinita
533 3648 637 3700 locutio.
657 3645 743 3700 Cicer.

235 3743 283 3792 pro
303 3724 410 3780 Cluent.
423 3728 472 3780 at:
488 3726 560 3778 Unus
571 3731 598 3776 ct
609 3729 679 3777 aller
688 3725 744 3775 dics

234 3810 374 3860 emmau.
385 3809 479 3861 Horat.
492 3823 517 3873 1,
532 3805 614 3875 Epist.
630 3826 669 3872 ro,
680 3825 703 3857 v.
715 3806 743 3870 42

236 3889 544 3940 Quidquiduegetnltentelter.
600 3892 675 3930 Bou.

271 3963 310 4014 26.
324 3967 421 4032 Cupido
430 3968 514 4018 multu
521 3970 605 4018 amr'ca
616 3971 676 4018 νίκα.
689 3964 744 4034 Op·

237 4041 317 4096 tirirus
337 4046 470 4100 Palatinus
493 4056 520 4100 et
538 4046 743 4116 Neapolitanus,

237 4126 328 4190 mprdo
336 4143 390 4178 suo.
405 4125 487 4195 Epist.
499 4142 551 4192 xx,
565 4143 614 4194 70:

789 2548 880 2600 umque
886 2547 980 2586 vium
988 2557 1057 2596 nempe
1065 2552 1131 2582 uouit
1138 2556 1202 2581 uuum.
1216 2541 1297 2583 limo.

789 2621 833 2677 sie
845 2623 918 2676 enirn
931 2620 989 2675 libri
1001 2617 1122 2672 nonnulli
1134 2627 1242 2671 veteres.

822 2720 862 2772 ²9·
882 2703 938 2764 (luo
946 2717 1012 2750 nuuc
1021 2715 1078 2749 mea
1084 2698 1180 2763 gaudcir
1189 2694 1300 2763 dryscrs?

790 2779 1010 2848 Neapolitanuset
1016 2787 1128 2845 quatuor
1136 2775 1176 2828 alii
1186 2779 1298 2844 ‚desem

789 2878 850 2912 cum
863 2857 986 2927 Scaligeri
996 2856 1122 2926 excerptis
1134 2866 1160 2910 et
1175 2857 1300 2909 Puteaui:

791 2944 862 2988 recte
879 2973 886 3000 ‚
908 2952 955 3001 quo
964 2933 1024 3000 jam
1041 2943 1161 3003 excerpta
1178 2933 1300 2995 Puteaui,

790 3013 889 3078 Forte,
906 3014 1035 3081 quonam?
1052 3013 1140 3081 Atque
1152 3013 1188 3065 ita
1206 3013 1300 3066 Arun-

790 3093 916 3148 delianus.
930 3092 1014 3145 loru.

823 3175 863 3242 34.
885 3177 962 3227 Veri!
983 3178 1010 3225 r'n
1028 3192 1072 3226 ora
1089 3174 1177 3240 pudor.
1196 3173 1298 3227 Rubor,

792 3253 899 3323 quidam
916 3253 1004 3322 scripti
1024 3273 1030 3306 :
1049 3264 1075 3306 et
1091 3253 1181 3323 placet.
1206 3249 1301 3304 Catull.

792 3329 881 3400 Epigr.
896 3346 956 3381 rxv.
970 3331 1092 3381 Conscius
1103 3349 1145 3381 ore
1156 3331 1236 3381 rubor.

825 3412 864 3481 37.
885 3413 967 3478 Quale
979 3430 1041 3463 rosc
1052 3411 1158 3480 sulm!
1174 3419 1221 3462 eto
1245 3405 1301 3458 So—

792 3491 874 3546 lemui
886 3491 969 3561 poetis
982 3509 1071 3551 more,
1085 3490 1136 3543 lilia
1145 3488 1209 3542 rosis
1216 3488 1244 3539 in
1256 3504 1300 3537 ore

792 3571 1002 3627 subrubesceutis
1014 3570 1106 3640 puellae
1117 3568 1259 3632 immiscet,
1273 3578 1301 3618 ut

793 3671 941 3723 purpureus
962 3650 1004 3703 ille
1025 3649 1100 3704 color
1124 3647 1300 3716 exprimatur,

794 3731 839 3800 qui
854 3749 933 3800 genas
952 3729 1048 3782 sensim
1067 3735 1193 3794 occupat,
1213 3721 1302 3774 nativo

793 3811 901 3864 candori
919 3811 1038 3863 suffusus.
1058 3835 1092 3848 ·-
1114 3802 1246 3858 Credibile
1262 3803 1303 3855 rix

795 3899 923 3958 quantum
932 3907 962 3941 ea
973 3886 1005 3940 de
1016 3905 1043 3937 re
1053 3882 1153 3936 Marius
1162 3880 1302 3948 ineptierit.

827 3971 867 4033 4¹·
884 3969 1011 4025 litteral,
1024 3967 1072 4014 aul
1081 3963 1180 4027 aliquis.
1198 3958 1302 4011 Rectius

794 4044 822 4096 in
834 4044 916 4096 reteri
928 4040 1015 4095 codice
1030 4058 1035 4090 :

794 4127 833 4163 llis
840 4135 889 4172 erut,
896 4133 928 4163 uu!
938 4123 997 4161 elicui
1006 4121 1057 4160 color
1065 4119 1098 4158 ille
1106 4118 1217 4157 simillimus
1225 4118 1304 4158 luorumr
