2798 4702
221 332 284 417 412
491 330 531 395 r.
568 326 741 395 ovrurr
768 326 990 397 ussurus

218 473 379 552 PROFUIT
395 465 530 539 adsidue
546 466 634 538 vitiis
651 466 802 540 insistere
820 468 929 541 mnicae
948 498 956 540 :

267 585 372 685 quue
388 581 471 655 mihi
486 580 609 654 sactum
625 610 708 681 saepe
727 582 857 657 salubre
875 584 949 656 suit.

222 701 332 797 Quam
350 697 433 772 mala
450 714 529 770 sunt
543 715 681 783 nostrae,
698 698 864 785 dicebam,
883 728 979 773 crura
994 698 1129 800 puelle!

269 816 337 886 Nec
353 832 477 900 tamen,
495 830 535 885 ut
550 841 623 886 vere
640 812 873 902 confiteamur,
889 833 991 888 erant.
1080 909 1082 913 y

221 929 361 1004 Brachia
381 958 478 1029 quam
493 957 562 1002 non
579 948 657 1003 sunt
672 948 793 1004 nostrae
810 931 955 1004 formosa
972 931 1107 1032 puella!

274 1048 319 1118 Et
333 1063 458 1131 tamen,
474 1063 513 1118 ut
529 1073 603 1119 vere
621 1044 848 1133 confiteamur,
863 1065 966 1120 erant.
1167 1136 1170 1141 ,
1225 1070 1285 1122 320

226 1163 335 1258 Quam
343 1161 452 1234 brevis
462 1163 527 1235 cst!
540 1179 694 1235 necerat:
707 1189 804 1261 quam
814 1161 956 1235 multum
967 1161 1075 1261 poscit
1086 1166 1268 1236 amantem!

274 1276 362 1347 Hinc
378 1277 455 1349 odio
472 1277 562 1350 veuit
577 1277 716 1350 maxima
733 1305 831 1350 causa
848 1304 931 1350 men.

223 1394 270 1464 Et
285 1390 370 1464 mala
385 1407 465 1465 sunt
479 1392 586 1466 vicina
601 1393 720 1479 bouis;
735 1421 845 1467 errore
859 1393 923 1467 sub
942 1390 1001 1465 illo

275 1506 341 1578 Pro
357 1505 438 1578 vitio
456 1507 560 1579 virtus
578 1507 714 1580 crimina
733 1535 818 1607 saepe
837 1505 923 1579 tulit

230 1621 338 1716 Quam
355 1639 466 1721 potes,
479 1622 516 1694 in
532 1624 626 1722 pejus
642 1622 737 1696 dotes
752 1621 885 1696 deflecte
902 1618 1036 1721 puella,
1232 1643 1286 1695 325

276 1736 509 1838 Judiciumque
523 1738 616 1812 brevi
632 1737 734 1813 limite
751 1737 828 1812 salle
845 1757 951 1812 tuum.

228 1850 393 1945 Turgida,
412 1853 440 1924 si
458 1852 555 1954 plena
572 1872 622 1927 est
640 1854 692 1927 :si
709 1853 800 1927 fusca
816 1872 881 1942 est,
900 1853 995 1949 nigra
1011 1870 1155 1925 vocetur.

275 1970 316 2039 ln
334 1967 447 2062 gracili
459 1970 582 2044 'macies
600 1970 722 2043 crimen
736 1968 859 2043 babere
875 1985 996 2068 potest.

231 2091 277 2163 Et
293 2091 417 2191 poterit
434 2092 497 2165 dici
514 2093 685 2193 petulans,
701 2120 773 2194 quae
789 2092 910 2184 rustica
925 2118 995 2164 non
1011 2107 1080 2163 est:

280 2215 327 2286 Et
341 2215 465 2314 poterit
483 2214 549 2287 dici
564 2216 701 2303 rustica,
719 2215 748 2289 si
765 2243 830 2315 qua
845 2213 951 2315 proba
966 2228 1026 2285 est.
1240 2233 1292 2304 330

236 2335 328 2430 Quin
344 2336 458 2423 etiam
476 2366 681 2437 quacumque
697 2355 785 2412 caret
801 2354 858 2411 tna
872 2336 992 2409 semina
1008 2334 1100 2418 dote,

285 2462 379 2534 Hanc
395 2480 544 2550 moveat,
557 2461 688 2536 blandis
706 2491 811 2565 usque
830 2490 962 2564 precare
980 2458 1082 2534 sonis.

239 2685 289 2732 tut's
306 2684 390 2735 odiis:
407 2681 458 2735 dixi
473 2702 563 2753 supra,
576 2683 607 2737 ad
624 2685 676 2751 143.
689 2684 744 2738 Se·
791 2693 912 2736 veteres:
928 2683 966 2733 Et
978 2682 1064 2740 modo,
1079 2695 1156 2747 qnam
1173 2686 1294 2745 poterat,

241 2760 331 2827 quenti
342 2781 418 2813 versu
425 2802 432 2829 ,
440 2769 526 2830 posset
537 2782 585 2832 pro
591 2782 681 2832 posses
690 2782 744 2816 me·
790 2762 1005 2826 Ialumspeclaba!
1012 2763 1040 2809 in
1050 2776 1137 2825 equor.
1148 2754 1206 2806 val.
1215 2754 1297 2806 blaxi-

241 2836 327 2893 liores.
342 2842 439 2895 Hnlrts.
791 2857 860 2904 mus,
870 2838 935 2890 libro
947 2837 995 2900 lV,
1007 2855 1060 2904 cap.
1073 2832 1123 2901 1,§
1136 2836 1166 2885 5:
1180 2831 1298 2885 «Fabius

273 2918 331 2991 3¹9·
345 2921 464 2973 Bracheia.
476 2921 536 2973 Hoc
544 2920 671 2974 distichon
682 2920 744 2974 dee·
792 2917 935 2980 Maximus,
949 2932 1031 2982 quum
1040 2932 1054 2965 a
1064 2932 1090 2965 se
1101 2910 1256 2979 quinquies,
1271 2919 1297 2961 et

244 3005 284 3048 rat
292 2996 320 3050 in
329 2997 446 3050 Lincoln.
458 3008 485 3051 et
496 2999 615 3052 Francos.
628 3008 653 3050 et
665 2999 691 3050 in
701 3017 745 3053 an·
792 3014 806 3048 a
818 3007 897 3065 patre,
912 3012 969 3058 avo,
984 3009 1089 3062 proavo,
1102 2988 1298 3056 majoribusque

244 3073 322 3142 tiquis
332 3075 487 3142 quibusdam
498 3077 654 3131 editionibus
662 3087 689 3129 et
702 3077 745 3130 At·
789 3074 842 3126 suis
853 3091 919 3141 soepe
931 3089 1044 3123 numero
1055 3067 1218 3122 consulatum
1233 3083 1298 3134 ges-

244 3149 305 3203 dina
318 3153 411 3220 priore.
792 3161 849 3204 tum
862 3149 1097 3208 animadverteret;
1110 3143 1230 3208 comitiis,
1245 3142 1301 3210 qui·

276 3231 333 3282 320.
347 3234 401 3285 Nec
415 3241 503 3287 tamen.
521 3236 559 3286 Et
568 3243 650 3287 lanea
664 3233 745 3286 scribe
792 3227 1217 3295 busfiiiusejussummoconsensu
1227 3218 1301 3273 Con·

245 3327 305 3361 curn
327 3309 476 3377 Puteaneo,
497 3321 523 3365 et
542 3311 746 3383 Argentinensi:
794 3306 833 3360 sul
844 3305 999 3369 creabatur,
1022 3322 1095 3372 qnam
1107 3305 1209 3368 polnt‘l,
1228 3317 1302 3388 eon-

245 3386 320 3441 aliter
331 3408 420 3442 sensus
431 3409 485 3443 non
498 3393 625 3446 constabit
638 3412 644 3445 ε
663 3401 689 3444 ct
699 3410 747 3443 se-
794 3393 892 3439 stanter
899 3401 960 3435 curn
970 3378 1138 3450 populoegit.
1149 3388 1179 3430 ut
1191 3386 1304 3429 vacatio·

245 3466 337 3532 quenti
347 3486 439 3531 versu,
456 3469 537 3533 Quam
548 3473 627 3521 brevis
638 3468 689 3521 est!
703 3485 749 3519 nec
795 3481 857 3514 nem
865 3459 1003 3530 aliquando
1012 3459 1089 3526 hujus
1099 3454 1305 3509 bonorisFabias

245 3549 302 3594 era!
320 3563 328 3595 .·
350 3563 412 3596 curn
431 3545 524 3597 eodem
547 3548 698 3611 Puteaneo,
721 3552 749 3596 et
797 3540 868 3610 genti
880 3539 984 3592 dareta
999 3538 1099 3589 Herm.

247 3616 419 3673 duobusaliis.
829 3619 885 3691 329.
896 3620 956 3684 One
963 3620 1064 3668 rustica.
1074 3615 1140 3679 Quia
1149 3615 1305 3664 rusticam

277 3695 334 3748 323.
355 3700 393 3749 Et
408 3703 478 3751 mala
493 3707 554 3752 suu!
566 3705 651 3752 vr'ciira
671 3703 749 3752 bonas
798 3705 837 3753 est
847 3696 966 3749 Francos.
975 3698 1006 3753 si,
1021 3694 1148 3755 Putean,
1162 3699 1190 3741 et
1200 3707 1243 3741 sex
1255 3686 1308 3741 abi.

245 3769 331 3841 laeg0;
345 3774 750 3840 Ulmalasuntvicmabom'sfhoc
831 3771 1183 3834 331.Caretmd01epuella.
1201 3765 1310 3831 Tuast·
1334 3832 1337 3837 .

250 3861 303 3918 est,
319 3854 549 3921 quemadmodum.
565 3855 665 3906 Harss.
799 3856 869 3904 mina
879 3853 947 3907 dote,
963 3847 1050 3917 scripti
1062 3847 1227 3906 fereomnes,
1242 3860 1312 3894 oum

280 3931 336 3984 325.
353 3936 434 3998 Quam
440 3940 519 3999 poles.
532 3933 645 4001 Regius,
659 3931 752 3984 Putea·
800 3931 883 3998 prima
895 3927 1010 3980 editione
1021 3949 1027 3990 ;
1039 3927 1114 3978 bcne.
1132 3924 1246 3989 ltasoepe
1259 3942 1312 3991 pro
1335 3933 1342 3948 ⁸

249 4021 332 4071 neus,
345 4020 371 4062 et
379 4011 465 4079 plures
475 4010 533 4075 alii,
551 4013 685 4077 Quapoles
695 4024 702 4054 ι·
714 4007 752 4061 nil
801 4008 882 4060 amica
895 4007 990 4059 Noster
1003 4020 1009 4053 τ
1021 4023 1083 4059 nam
1091 4004 1177 4072 puella
1185 4017 1248 4052 mox
1262 4021 1313 4055 se-

248 4089 329 4133 muta.
350 4086 394 4139 Sic
409 4087 477 4140 infra
488 4091 553 4158 595,
568 4087 627 4139 libri
643 4084 750 4153 qnidam
802 4085 900 4153 quitur.
914 4084 1012 4136 Herus,
