2798 4702
415 360 661 427 nsulsum
690 361 902 429 Antoms.
1123 364 1187 448 415

184 499 346 599 Quisquis
362 526 416 587 es,
433 527 474 573 ex
490 497 569 586 illo,
586 498 694 586 Zo'ile‚
709 526 832 573 nomeu
849 499 962 573 babes.

134 622 180 695 Et
194 640 250 694 tua
267 621 429 718 sacrilege
446 619 612 695 laniarunt
628 622 771 696 carmina
787 620 926 718 lingue,

183 741 324 818 Pertulit
340 745 406 817 buc
421 744 528 816 victos
545 771 612 843 quo
630 742 713 818 duce
730 744 833 842 Troia
849 746 950 818 Deos.

137 865 270 938 Summa
285 867 370 966 petit
386 864 471 937 livor
485 894 493 938 :
507 865 648 964 perllant
664 863 822 940 altissima
838 866 952 938 venti:

185 987 318 1060 Summa
333 1004 452 1086 petunt
465 986 578 1060 dextra
593 987 732 1061 fulmina
748 988 847 1061 missa
859 987 963 1061 Jovis.
1139 1015 1188 1084 370

136 1109 183 1181 At
199 1126 253 1195 tu,
270 1108 468 1209 quicumque
484 1136 538 1193 es,
558 1136 656 1209 quem
672 1125 787 1182 nostra
803 1106 936 1183 licentia
951 1107 1059 1198 laedit;

184 1230 220 1301 Si
237 1228 346 1329 sapis,
361 1229 402 1302 ad
417 1258 575 1304 numeros
591 1231 684 1326 exige
702 1224 849 1330 quidque
866 1258 957 1305 suos.

135 1347 249 1420 Fortia
265 1347 415 1419 Musonio
436 1347 581 1443 gaudent
597 1346 681 1447 pede
697 1344 786 1419 bella
801 1346 930 1419 referri:

109 1464 116 1478 '
184 1459 320 1534 Deliciis
334 1459 402 1534 illic
419 1461 495 1560 quis
512 1460 606 1535 locus
623 1488 692 1534 esse
710 1460 852 1560 potest?

138 1575 269 1649 Grande
284 1575 737 1671 sonautTragici3Tragicos
749 1574 842 1649 decet
855 1575 905 1649 ira
917 1577 1117 1652 cothurnos:
1143 1601 1194 1669 325

185 1691 312 1763 Usibus
330 1718 347 1762 e
363 1688 481 1762 mediis
501 1717 617 1764 soccus
634 1691 808 1765 habendus
820 1691 896 1766 erit.

137 1805 240 1878 Liber
253 1805 289 1878 in
306 1807 459 1879 adversos
475 1806 588 1880 hostes
603 1807 788 1902 ‘stringatur
800 1808 935 1881 Iambus
950 1839 958 1892 ;

186 1924 251 1997 Seu
268 1923 371 2010 celer,
386 1941 568 1997 extremum
585 1951 643 1996 seu
661 1922 768 1996 trabat
781 1922 837 1996 ille
853 1923 981 2024 pedem.

138 2036 264 2112 Blanda
278 2036 485 2138 pharetratos
498 2034 634 2132 Elegeia
651 2053 761 2115 cantet
775 2038 938 2122 Amores,

185 2155 231 2225 Et
248 2151 327 2226 levis
342 2151 481 2226 arbitrio
498 2149 591 2223 ludat
607 2150 709 2223 amica
726 2176 797 2222 suo.
1146 2172 1196 2225 380

139 2266 330 2343 Callimachi
348 2232 495 2341 numeiis
509 2293 580 2338 nou
597 2281 648 2338 est
666 2264 825 2339 dicendus
837 2259 1006 2339 Achilles:

169 2464 225 2516 366.
246 2466 363 2530 Qse'squr's
374 2481 402 2515 es
416 2473 465 2516 ete.
476 2461 567 2516 Recte.
581 2460 643 2515 Nou
691 2459 794 2530 plures,
810 2459 941 2525 plaudat:
959 2474 1043 2524 unus,
1056 2459 1148 2511 laudet.
1161 2459 1197 2512 H.

138 2541 209 2593 enlm
220 2539 364 2606 constabat,
376 2539 433 2608 quis
445 2539 569 2608 autcujas
580 2539 645 2592 stris-
692 2535 764 2591 Nihil
780 2545 883 2589 mutem
902 2554 910 2588 s
927 2533 1052 2600 licenter,
1072 2543 1102 2586 ut
1119 2535 1196 2600 velit,

137 2630 176 2671 set
184 2617 281 2670 Zo't'lus.
691 2617 779 2675 ludat,
795 2612 901 2666 nemine
921 2611 1048 2665 obstante.

170 2695 226 2747 368.
237 2695 346 2746 Pertulit
354 2695 403 2747 huc
420 2699 503 2753 uictos
518 2711 566 2761 quo
580 2698 645 2748 duce
725 2690 782 2742 381.
802 2692 859 2742 Non
877 2696 918 2741 es!
936 2690 1062 2742 laecum
1082 2692 1141 2743 Nos
1160 2700 1201 2743 es!

143 2773 220 2838 ijs
226 2769 644 2841 Beos.'l'angitobiterCarbilium
692 2770 853 2829 tractandus,
863 2766 1005 2820 Vossianus
1017 2766 1114 2832 coelen
1128 2768 1199 2838 quod

139 2850 287 2911 Pictorem,
301 2849 375 2915 cujus
387 2850 500 2903 exstabat
509 2849 608 2904 libellus
616 2851 644 2903 iu
694 2867 749 2902 uon
763 2847 836 2901 [erile
845 2847 999 2917 rejecerim:
1010 2849 1115 2917 proprie
1125 2848 1198 2901 enirn

139 2927 321 2994 AEueida,eui
334 2927 424 2982 titulus
434 2930 645 2994 AEnse'domstr's,
692 2932 921 2995 treclsaelaele'quen
931 2937 1032 2997 poete,
1046 2946 1128 2996 quum
1142 2929 1200 2997 ejus
1281 2988 1284 2993 ¹

140 3007 269 3060 Videatur
284 3004 524 3061 Pseudo-Donatus
540 3008 568 3060 in
584 3007 646 3063 Vite
693 3024 798 3073 mores,
810 3007 946 3075 ingenium
960 3016 986 3059 et
1001 3005 1075 3060 dotes
1084 3008 1199 3060 verubrrs

131 3084 250 3153 Virgilii.
694 3087 832 3158 diligenter
851 3085 1008 3140 describunt
1039 3087 1078 3139 lta
1096 3086 1198 3156 egregie

171 3161 227 3232 359
248 3161 348 3213 Summa
358 3167 426 3227 petit
443 3164 512 3214 letor.
531 3160 646 3219 Velleius
693 3165 979 3230 lmclsnpersonasrin
995 3163 1050 3216 Cic.
1062 3182 1111 3233 pro
1119 3162 1199 3216 Arcb.

141 3237 291 3290 Paterculus
299 3236 365 3289 libro
372 3238 525 3305 posteriore,
534 3258 589 3307 cap.
600 3241 647 3304 4⁰²
693 3240 1046 3310 e.n‚expoeuitPasserntius.
1055 3239 1091 3292 Et
1099 3240 1200 3293 itsmos

139 3315 271 3381 rl'unguam
284 3319 418 3365 eminentia
427 3315 523 3365 iuvs'de‘a
536 3320 628 3366 careal,
693 3318 805 3383 Noeta,
819 3326 906 3385 partes
921 3326 1078 3387 peragentem
1097 3317 1199 3372 Thelda

171 3391 227 3460 376.
245 3392 363 3443 Versibus
380 3409 394 3442 e
412 3394 507 3442 mediis.
520 3391 646 3457 ,Usr'buss
693 3395 762 3449 dicit.
772 3394 878 3463 Quare,
889 3414 937 3464 ego
945 3394 1198 3462 tractandusabipso

139 3472 238 3524 medies,
256 3466 361 3537 Regius.
379 3468 641 3529 Versrtnsenodicn,
694 3473 792 3528 ovidio
806 3473 908 3528 fluxim
929 3485 993 3543 puto
1010 3494 1016 3527 :
1030 3475 1119 3527 omnia
1135 3492 1199 3526 vero

140 3546 297 3598 Puteaneus.
309 3543 414 3612 Reliqui
424 3542 539 3611 plerique
551 3543 646 3609 maiori
693 3549 999 3617 biruomina‚Ach1'!les,
1010 3553 1196 3612 Andromache,

138 3632 265 3691 exparte,
279 3623 396 3674 Versibus
402 3626 429 3673 r'u
435 3623 531 3672 mediis.
542 3620 578 3673 H.
588 3620 645 3688 Ego
699 3631 791 3687 Thais,
805 3628 984 3697 apiendapro
993 3628 1124 3696 personis,
1136 3645 1199 3695 quas

138 3705 224 3757 usibus
232 3718 286 3752 non
295 3699 413 3752 tollerem
421 3714 522 3751 :sensus
530 3699 645 3751 estenim
694 3715 777 3774 poet:
785 3704 952 3774 ipsosjubent
960 3719 1052 3773 agere:
1066 3714 1094 3755 nt
1106 3705 1141 3756 ita
1152 3704 1199 3754 Ca

140 3780 264 3834 exmedio
274 3800 323 3833 usu
331 3791 357 3834 et
365 3778 553 3834 consuetudine
563 3778 646 3830 bomi·
693 3787 770 3835 natos
782 3792 808 3834 et
824 3784 944 3850 Tragae'cos
956 3781 1076 3835 bomines
1087 3781 1137 3834 diei
1150 3799 1197 3833 os-

140 3879 206 3913 uum
221 3859 376 3913 comoediam
388 3878 442 3912 esse
454 3856 646 3911 assumendam.
693 3860 778 3914 tendit
789 3861 891 3930 egregie
905 3860 1041 3928 Bentlejus
1053 3860 1084 3913 ad
1103 3862 1197 3913 Horat.

172 3940 229 3993 380.
246 3943 283 3991 Et
292 3943 353 3992 lens
363 3943 467 3992 arbitrio
478 3941 552 3990 ludat
561 3943 646 3990 amaea
693 3940 751 3991 An.
764 3938 837 3990 Poet
849 3938 898 4008 96;
911 3938 954 3989 ubi
970 3940 1070 3991 Thaida
1079 3943 1197 3990 romeiam

141 4035 194 4070 sno.
208 4021 321 4079 hadar,
338 4018 450 4088 Regius;
463 4026 489 4071 et
501 4024 590 4070 carta!
599 4036 645 4069 su·
693 4016 822 4069 moeebam
838 4036 852 4068 a
870 4017 1008 4085 Propertio
1019 4018 1054 4071 ita
1066 4016 1116 4071 dici
1126 4025 1196 4077 recte

141 4094 239 4162 periuri
248 4116 331 4152 versu.
346 4099 450 4149 laum
459 4095 574 4167 quinque
586 4095 643 4148 alii:
693 4094 776 4148 docet.
789 4093 887 4149 Ruunt.
1268 4089 1271 4095 ’
