2798 4702
366 358 524 424 naurs
556 330 837 423 antinoum
863 359 959 424 Lm.
978 361 1006 424 1.
1155 386 1220 454 ²79

211 495 406 594 Quassanda
423 513 474 567 est
491 497 554 569 ista
572 493 679 569 Pelias
697 494 792 567 hasta
808 522 917 567 manu.

162 614 260 686 Forte
277 629 347 684 erat
362 611 397 683 in
418 609 560 683 thalamo
579 611 675 705 virgo
692 609 811 705 regalis
830 610 944 684 eodem
961 640 968 681 :

210 729 288 800 Haec
305 724 398 799 illum
414 742 532 825 stupro
550 726 713 826 comperit
728 754 798 799 esse
815 725 931 799 virnm.

164 843 301 916 Viribus
318 840 374 914 illa
391 840 525 940 quidem
541 841 627 915 ricta
645 859 710 927 est,
730 841 777 914 ita
794 840 922 916 credere
940 860 1094 943 oportet:

212 957 278 1031 Sed
295 954 402 1029 voluit
416 955 505 1029 vinci
520 956 648 1030 viribus
664 954 719 1030 illa
740 976 858 1031 tamen.

165 1074 274 1173 sape,
292 1073 408 1158 Mane,
427 1069 527 1158 dixit,
548 1101 650 1171 quum
665 1073 731 1171 jam
750 1091 944 1173 properaret
960 1070 1127 1146 Achilles:

210 1188 324 1262 Fortia
340 1215 416 1260 nam
435 1186 546 1287 posita
563 1205 725 1261 sumserat
738 1216 827 1260 arma
842 1186 928 1262 colo.

166 1304 224 1376 t'is
242 1303 301 1377 ubi
319 1331 407 1376 nunc
422 1301 479 1376 illa
496 1304 573 1377 est?
591 1302 671 1402 quid
687 1300 811 1375 blanda
826 1332 906 1378 voce
923 1304 1063 1378 moraris

212 1420 391 1492 Auctorem
404 1418 529 1519 stupri,
546 1416 738 1505 Deidamia,
756 1417 832 1492 tui?

168 1533 317 1620 Scilicet,
334 1552 373 1607 nt
386 1533 496 1633 pudor
512 1549 562 1607 est
580 1533 747 1633 quondam
764 1533 901 1636 cupisse
916 1534 1080 1635 priorem,

216 1649 270 1722 Sic
288 1647 353 1722 alio
376 1667 505 1744 gratum
519 1668 570 1723 est
588 1649 764 1750 incipiente
780 1649 861 1750 pati.

170 1763 245 1835 ah!
263 1763 366 1836 nimia
384 1783 434 1838 est
447 1764 561 1869 juveni
578 1766 722 1868 propria
738 1765 857 1841 fiducia
872 1763 1001 1853 formae,
1103 1782 1109 1787 '

218 1879 395 1977 Exspectat
413 1878 552 1978 siquis,
571 1879 650 1952 dum
668 1881 762 1980 prior
779 1878 834 1951 illa
851 1882 964 1974 roget!

170 1991 231 2064 Vir
246 1992 342 2094 prior
356 1994 506 2084 accedat3
521 1996 570 2069 vir
587 1995 688 2068 rerba
703 1994 870 2095 precantia
885 1994 988 2067 dieat:

218 2111 370 2213 Excipiet
386 2110 527 2185 blandas
544 2111 682 2184 comiter
698 2110 755 2183 illa
772 2136 894 2211 preces.

169 2230 216 2301 Ut
233 2228 382 2330 potiare,
400 2226 503 2323 roga:
519 2245 648 2302 tantum
664 2227 756 2327 cupit
772 2224 827 2298 illa
844 2220 965 2319 rogari.

217 2346 270 2417 Da
288 2370 420 2418 causam
437 2344 508 2416 voti
524 2343 792 2445 principiumque
810 2341 868 2441 tui.

167 2459 301 2559 Jupiter
318 2457 359 2531 ad
377 2475 502 2532 veteres
519 2457 660 2560 supplex
679 2454 841 2533 Heroides
858 2456 948 2532 ibat:

221 2572 396 2671 Corripuit
408 2599 564 2665 magnum
581 2571 674 2646 nulla
689 2572 801 2674 puella
812 2575 943 2646 dorem.

173 2690 208 2761 Si
224 2707 332 2765 tamen
348 2718 367 2763 a
382 2687 541 2790 precibus
558 2688 705 2763 tumidos
722 2689 872 2764 accedere
889 2687 994 2759 fastus

221 2806 387 2891 senseris,
404 2805 538 2907 incepto
554 2832 667 2906 paroc,
686 2805 837 2905 referque
850 2801 978 2903 pedem.
1089 2795 1092 2801 ’

171 2919 274 3017 Quod
290 2919 430 3016 refugit,
448 2917 561 2995 mult'ae
578 2906 739 3020 cupiunt':
756 2918 872 3003 odere,
893 2915 985 3017 quod
1001 2914 1123 2987 instat:

219 3037 342 3110 Lenius
359 3037 517 3110 instando
535 3036 631 3109 taedia
647 3032 728 3107 tolle
740 3035 799 3107 tui.

172 3154 242 3226 Nec
259 3160 390 3254 'semper
405 3150 547 3225 Veneris
564 3178 641 3250 spes
658 3166 709 3222 est
724 3144 910 3248 profitenda
922 3143 1075 3241 roganti:

220 3267 491 3342 lutretamieitiae
505 3265 642 3339 nomine
661 3281 884 3337 tectusamor.
1188 3295 1237 3346 720

173 3380 249 3453 ttoe
266 3379 357 3479 aditu
375 3380 443 3455 vidi
460 3380 584 3455 tetrica
596 3378 677 3453 ,data
693 3376 794 3451 verba
809 3373 949 3475 puellae:

212 3563 268 3635 696.
292 3566 444 3631 Quassanda
462 3571 503 3617 est
518 3572 572 3619 leta
593 3564 682 3617 Pele'as
765 3556 1239 3631 7ro.Come'lcrilla.Perpera1nmulti,

175 3643 251 3693 hasla
261 3660 343 3693 mu.
354 3638 416 3693 Vid.
423 3638 456 3693 ad
466 3640 550 3710 Epist.
562 3657 613 3707 111,
628 3641 683 3695 nala
731 3643 844 3693 molliter.
856 3637 924 3689 Vide
936 3637 1032 3689 librum
1046 3651 1066 3685 11
1077 3672 1085 3699 ,
1099 3634 1166 3685 Fast.
1180 3634 1240 3701 78⁸:

208 3719 265 3791 598.
274 3720 337 3771 Haec
344 3718 414 3769 illm
423 3725 565 3786 sluptoelc.
576 3716 684 3787 Peperit
735 3720 842 3770 &mter
853 3719 995 3781 excipitur:
1008 3715 1128 3778 sangathe
1132 3711 1241 3777 sicclus

176 3798 270 3869 quippe
290 3794 445 3869 Pyrrhum,
467 3805 582 3864 patemo
601 3792 685 3849 laudii
732 3802 805 3848 erat:
818 3804 844 3846 ct
858 3793 893 3846 sic
905 3809 972 3858 saepo
986 3787 1081 3841 Livius.

177 3876 301 3931 aemulum
313 3892 369 3927 non
380 3870 546 3942 degenerem.
767 3877 821 3944 μή,
833 3875 963 3938 Corripuit.
976 3869 1098 3932 Frustra,
1111 3872 1240 3937 decapoli,

217 3959 273 4025 7⁰5·
298 3953 426 4020 Qucum
447 3954 550 4019 cepe'sse
566 3954 685 4019 prorem.
733 3962 761 4006 et
772 3956 882 4019 corrupit
892 3948 934 4000 hic
945 3942 1052 4015 qnidam
1064 3943 1178 3998 codices.¹

177 4030 301 4087 Meliores
316 4031 393 4095 libri,
405 4031 528 4099 quadam,
542 4026 583 4083 vol
599 4048 685 4097 qnan-
768 4021 1244 4096 715.Tamaiosaccedmsasussta-

181 4111 247 4162 dane.
258 4110 349 4165 Scribe
360 4148 368 4177 ,
380 4110 503 4181 quanm
515 4124 575 4163 cum
586 4126 613 4179 p.
624 4104 687 4163 edit.
734 4113 777 4161 tus
783 4146 793 4173 ,
803 4102 961 4159 Oxonienais
970 4123 977 4157 ι
987 4112 1103 4159 venuste.
1117 4100 1247 4157 Ceterum
