2798 4702
343 337 579 405 AMORUM
613 340 689 405 ΙΙΙ.
719 331 865 406 ELEG.
898 342 926 404 1.

1117 345 1176 408 153

115 483 161 564 Et
178 482 291 581 prior:
310 481 467 581 «Ecquis
483 480 561 569 erit,
582 479 684 567 dixit,
703 481 766 555 tibi
783 480 1033 556 finis'amondi?
1150 508 1181 558 ιδ

168 597 199 669 0
216 596 400 691 argumenti
417 594 505 669 lente
521 613 620 696 poeta
637 597 723 669 mei!

116 713 305 812 Nequitiam
322 712 438 786 vinosa
459 729 548 786 tuam
566 712 716 785 convivia
731 731 890 787 narrant:

165 829 308 902 Narrant
325 829 360 901 in
376 827 498 902 multas
515 829 662 929 compita
677 846 766 905 secta
782 831 862 903 rias.

119 943 210 1044 Saepe
228 943 349 1046 aliquis
365 945 471 1041 digito
488 964 596 1020 vatem
614 944 766 1044 designat
780 938 937 1035 euntem,

166 1063 279 1162 Atque
298 1062 361 1135 ait:
375 1062 429 1136 hic
448 1060 507 1169 ille
520 1080 586 1150 est,
607 1090 706 1163 quem
722 1063 813 1137 ferus
826 1063 895 1139 urit
909 1064 1024 1139 Amor.

1150 1102 1182 1136 an

120 1178 260 1269 Fabula,
280 1209 340 1253 nec
359 1180 478 1269 sentis,
497 1196 568 1253 tota
583 1179 715 1278 jactaris
732 1181 767 1253 in
784 1181 886 1269 urbe3

167 1302 256 1375 Dum
273 1322 330 1376 tua
346 1302 512 1404 praterito
532 1302 617 1378 facta
633 1304 762 1406 pudore
779 1304 890 1378 refers.

120 1424 265 1526 Tempus
282 1444 352 1499 erat
370 1427 485 1528 thyrso
503 1426 637 1528 pulsum
653 1428 801 1523 graviore
817 1428 962 1502 moveri:
976 1435 978 1440 ’

170 1548 341 1622 Cessatum
358 1550 438 1624 satis
453 1567 504 1625 est
520 1551 651 1652 :incipe
666 1552 773 1652 majus
788 1580 884 1652 opus.

121 1765 226 1816 thamus
237 1771 299 1817 erat.
316 1764 418 1818 Notum
429 1765 490 1819 satis
506 1765 557 1819 hoc
568 1766 627 1819 cal-

121 1841 251 1893 ceamenti
262 1861 356 1910 genus,
367 1843 437 1912 quod
450 1844 554 1913 utrique
566 1843 628 1913 pedi

120 1937 195 1987 aeque
208 1930 297 1989 aptum
306 1932 371 1987 erat,
381 1933 408 1974 et
418 1923 522 1975 leminis
530 1922 629 1992 pariter

120 1997 232 2067 virisque
252 2000 419 2053 conveniens
441 2001 484 2054 Sic
505 2000 628 2054 describit

122 2075 213 2129 Sidon.
224 2078 397 2148 Apollinaris,
411 2080 500 2134 Carm.
513 2097 550 2143 11,
565 2083 630 2146 400:

120 2175 215 2224 Perpetuo
223 2183 260 2213 ιΙιι
268 2177 334 2226 planta
342 2156 385 2215 tolo
395 2204 402 2223 ,
411 2176 445 2214 sed
454 2175 513 2216 tassia
523 2179 597 2228 primos

121 2257 199 2295 sistitur
208 2258 232 2296 nd
239 2257 326 2308 digitos,
337 2259 443 2296 retinacula
452 2258 498 2296 bina
505 2259 607 2298 cothurnis

120 2330 183 2369 Mittit
191 2331 212 2370 in
220 2331 326 2371 dmsu
337 2332 404 2371 vimto
414 2332 439 2371 d·
447 2332 515 2371 souin
523 2333 588 2383 pollex
597 2361 604 2380 ,

120 2408 169 2456 Qu·
175 2408 270 2458 sotumi
277 2408 375 2460 crepidas,
382 2416 402 2448 st
411 2409 571 2448 sonem-atibus
577 2410 631 2448 mis

121 2479 235 2519 Vinolomrn
245 2481 320 2531 pandas
328 2488 394 2520 tenant
402 2494 437 2532 par
444 2494 502 2520 crura
508 2489 592 2521 cohme.

33 2572 46 2593 ⁸
122 2557 205 2612 Erant
216 2559 298 2628 igitur
309 2560 562 2630 cothum'crepidoe,
575 2562 628 2616 sive

122 2636 312 2702 salaminon
318 2636 350 2688 ad
356 2656 429 2691 suras
437 2640 630 2708 pertinentibus

122 2713 252 2783 religatae3
269 2714 412 2768 utebantur
430 2718 590 2784 venatrices,
604 2728 631 2772 et

122 2792 151 2843 in
164 2809 242 2844 scena
249 2791 386 2862 Tragoedi,
396 2805 426 2847 ut
433 2814 508 2849 socco
519 2794 629 2850 Comici.

124 2869 198 2921 llinc
210 2871 360 2937 Sophocleis
373 2875 522 2936 cothurnus,
538 2874 631 2944 virgil.

124 2945 180 2998 Ed.
192 2961 263 3012 vm,
281 2965 325 3013 ro,
338 2967 387 3018 pro
406 2950 460 3019 ipsa
473 2950 630 3022 Tragoedia;

123 3033 149 3076 et
169 3023 252 3078 dictus
269 3043 329 3077 mox
344 3029 520 3090 cothurnatus,
534 3029 556 3082 si
574 3028 631 3097 quis

122 3104 317 3174 magniloquam
329 3106 356 3158 in
371 3106 483 3160 dicendo
494 3109 549 3160 vim
562 3127 632 3162 asse-

123 3193 256 3250 queretur.
286 3184 369 3253 Quod
389 3186 444 3252 jam
465 3186 632 3240 observatum

123 3271 172 3325 est,
181 3261 222 3313 lib.
233 3262 403 3330 praedanti,
415 3263 487 3333 Eleg.
496 3281 577 3331 xviri,
595 3268 631 3319 18.

124 3337 233 3393 Dictum
247 3339 288 3393 hic
300 3351 389 3393 autern
402 3341 516 3414 Lydium
524 3383 531 3409 ,
539 3343 566 3395 id
578 3354 631 3410 est,

125 3416 321 3487 Tyrrhenicum
337 3430 383 3471 aut
399 3419 532 3485 Tuscum,
550 3421 634 3474 velint

125 3495 234 3564 quidam
247 3496 279 3548 ab
292 3498 444 3564 Hetruscis,
458 3502 544 3569 utqui
558 3502 632 3555 Tra-

124 3574 239 3643 goediarn
257 3574 356 3629 Graecis
373 3577 538 3633 tradidissent
551 3601 558 3634 ι
571 3581 632 3634 Mi-

123 3654 288 3724 cyllusvero,
302 3655 401 3724 abipsis
412 3660 509 3729 lydis,
523 3659 554 3712 ad
568 3673 643 3729 quos¹

125 3750 297 3801 quecumque
310 3732 343 3785 ad
356 3752 413 3787 rem
425 3736 552 3790 ludicram
565 3758 633 3808 per-

126 3810 210 3864 tinent
219 3812 359 3865 reserenda
367 3827 463 3878 censet,
473 3817 603 3869 llerodot.
615 3833 633 3869 1.

126 3891 544 3962 -Allapedum.Leguntquidam
552 3894 634 3948 MSS.
645 3945 651 3954 ,

126 3975 200 4033 (φίας
215 3968 283 4021 male
295 3989 301 4021 :
313 3970 437 4023 solemnis
454 3972 549 4041 quippe
569 3992 632 4040 ror,

127 4044 208 4098 ubido
216 4047 353 4100 cothurnis
361 4048 454 4117 agitur.
462 4050 525 4104 AEn.
536 4053 617 4120 1,337
627 4071 633 4104 ε

126 4126 263 4182 ruptusque
272 4128 315 4170 alte
322 4142 378 4169 suras
388 4131 462 4171 sincitc
470 4132 572 4176 cotlrnrno.

711 1770 748 1821 15.
766 1770 896 1835 Elpn'or:
908 1769 1004 1835 Ecquis
1015 1771 1064 1820 erit
1072 1773 1120 1818 etc
1133 1764 1183 1817 Ed.

676 1846 1185 1914 princElprr'ordoecdr'zit:qur’serr‘letc.

711 1924 747 1976 16.
768 1927 792 1975 0
802 1931 943 1992 argumenti
951 1929 1016 1977 lente
1028 1931 1105 1991 poeta
1116 1929 1168 1975 mei
1178 1924 1185 1975 .'
1260 1962 1266 1979 ,

678 2002 762 2069 Quasi
774 2001 843 2056 dicat
854 2023 859 2055 :
871 2002 935 2071 quid
952 2002 1054 2068 tardas,
1068 2021 1126 2071 quse
1137 2002 1183 2053 tibi

675 2080 840 2162 suppeditem
856 2089 1018 2150 argumenta,
1034 2079 1184 2153 Tragoedias

676 2159 728 2211 scil.
741 2160 871 2212 tractare?
881 2161 953 2214 llinc
964 2159 1041 2230 paulo
1052 2163 1125 2228 post,
1133 2179 1184 2211 ces·

676 2242 759 2288 satum
770 2243 836 2290 salr's
846 2247 891 2291 est.
903 2238 955 2291 Atii
966 2238 1072 2309 legunt,
1086 2245 1131 2292 [ω’.

711 2334 750 2367 ao.
771 2318 830 2370 Urr't
839 2337 915 2371 arnor.
928 2318 1037 2388 Legitur
1053 2329 1081 2371 et
1096 2325 1183 2386 orgen

676 2393 722 2445 sed
735 2396 846 2459 rectius,
859 2402 916 2449 urr'l.
929 2397 1009 2448 Man.

711 2492 749 2523 αι.
768 2476 874 2525 Fabula.
885 2476 984 2525 Fabula
993 2472 1066 2526 estid
1075 2511 1082 2538 ‚
1091 2471 1185 2541 dequo

678 2567 770 2602 omues
777 2549 935 2618 loquuntur;
945 2550 977 2602 de
987 2569 1040 2620 quo
1048 2548 1115 2618 apud
1126 2568 1187 2601 onr-

677 2627 1181 2697 nesserrnoestSicalibiapudNostrum

711 2726 751 2758 aa.
767 2709 836 2759 Dum
852 2715 897 2760 lua
904 2713 1033 2775 preterito
1042 2708 1121 2776 fincta
1130 2728 1186 2776 pu-

677 2790 737 2839 dm
748 2787 832 2854 refers.
844 2789 922 2840 Furta
929 2785 1097 2841 scribendum
1106 2806 1188 2858 :quo-

678 2865 798 2921 modoet
808 2867 867 2921 alibi
879 2887 934 2922 non
943 2888 998 2922 uno
1007 2868 1065 2922 loco
1074 2877 1113 2922 est
1124 2887 1187 2936 pec·

679 2946 1186 3013 catum:utlib.11,'l'rist.deCalvo,432:

702 3031 783 3069 norun
791 3032 851 3070 variis
858 3033 893 3083 qui
906 3031 1006 3084 snafima
1016 3031 1086 3069 modis·

679 3105 733 3158 Pro
741 3111 866 3172 preterito
875 3106 984 3173 pudore,
1001 3104 1069 3156 male
1086 3102 1187 3157 codices

679 3182 816 3247 nonnulli,
825 3188 978 3249 postposito,
987 3188 1123 3249 praetento,
1137 3201 1187 3233 uc-

678 3264 760 3327 (lecto
771 3271 797 3312 et
808 3260 908 3312 similia.
922 3260 1023 3312 Htttns.

713 3339 752 3390 23.
774 3341 880 3406 Tempus
893 3345 949 3391 emt
964 3341 1049 3408 thyrso
1060 3346 1108 3389 etc.
1125 3335 1189 3390 (Εσ-

681 3429 752 3472 trum
765 3419 897 3489 poeticum
907 3416 1029 3489 hacclrieo
1039 3415 1128 3467 lurore
1142 3414 1187 3467 de-

681 3500 777 3571 signari
788 3500 871 3569 poetis
883 3497 1000 3551 solemne
1011 3517 1017 3559 ;
1030 3494 1075 3548 sed
1096 3508 1128 3546 eo
1146 3493 1189 3545 hic

681 3578 893 3643 convenientius,
902 3574 973 3645 quod
985 3574 1070 3644 agitur
1078 3572 1110 3625 de
1119 3572 1189 3625 'l’ra-

682 3656 766 3726 goedio
772 3697 780 3723 ‚
789 3675 846 3724 quoe
854 3665 915 3708 nata
922 3654 1038 3724 priunum
1049 3671 1080 3704 ex
1088 3650 1190 3704 Latera-

680 3741 761 3798 libus,
775 3735 909 3803 inquibus
927 3731 1030 3785 Bacclro
1043 3749 1123 3799 caper
1133 3748 1188 3784 cae-

682 3815 810 3875 elebatum
832 3812 903 3864 undo
922 3809 962 3863 vel
983 3811 1068 3879 ipsum
1089 3812 1189 3862 nomeu

688 3888 1022 3968 Tragoedr'afrladpodffi)in
1031 3890 1197 3960 perpetuum

682 3972 762 4025 duxit.
773 3972 843 4024 Sunt
857 3988 962 4038 quoque
974 3969 1019 4038 qui
1030 3967 1162 4022 deducant
1175 3987 1189 4020 a

682 4058 748 4127 τρὺξ,
760 4054 851 4126 τρυγὲς,
861 4047 912 4099 vlnl
919 4045 996 4114 [ἑκ
1007 4057 1033 4100 el
1042 4050 1113 4119 dadis,
1125 4066 1189 4098 can·
1218 4082 1220 4087 ·

683 4138 728 4183 tor.
735 4158 767 4169 —
777 4132 898 4183 Graviore
909 4135 997 4179 autern
1006 4165 1013 4194 ,
1023 4126 1043 4178 si
1056 4143 1192 4194 compares
