2798 4702
391 345 626 414 AMORUM
656 348 734 415 111.
759 347 909 415 ELEG.
942 348 1017 415 111.
1173 351 1233 417 165

504 701 755 785 ‘ELEGIA
790 703 884 789 ΙΙΙ.

441 1053 487 1089 7ιιι
505 1050 633 1105 antean,
655 1054 721 1105 oona
737 1051 943 1095 rmsrsvnaar.

173 1175 286 1278 ESSE
302 1203 392 1276 Deos
406 1202 601 1279 credamne?
616 1202 714 1278 fidem
729 1203 836 1302 jurata
853 1202 989 1278 fefellit:

218 1321 265 1391 Et
278 1317 376 1390 facies
393 1315 460 1403 illi,
476 1347 548 1417 qnae
565 1317 630 1389 fnit
643 1337 737 1405 ante,
751 1323 882 1392 manet!

173 1435 282 1531 Quam
297 1432 417 1527 longos
436 1433 555 1505 habuit
569 1432 718 1505 nondum
733 1432 842 1531 jurata
859 1433 1015 1534 capillos,

219 1550 301 1620 Tam
315 1545 452 1642 longos,
467 1566 644 1648 postquam
659 1548 796 1622 numina
811 1546 907 1636 lusit,
922 1549 1031 1623 habet.

173 1661 321 1737 Candida
337 1663 510 1737 candorem
526 1692 623 1737 roseo
639 1663 764 1737 sullnsa
779 1664 903 1737 rubore

221 1779 309 1852 Ante
324 1779 436 1852 stetit:
452 1780 548 1852 niveo
566 1776 654 1851 lucet
669 1777 705 1850 in
722 1807 779 1852 ore
795 1778 910 1852 rubor.

173 1898 236 1970 Pes
253 1913 322 1969 erat
338 1897 475 1991 exignus
490 1893 606 1994 :pedis
622 1910 673 1966 est
687 1894 849 1967 artissima
865 1893 980 1966 forma.
1006 1898 1009 1903 ’

219 2015 335 2106 Longa
349 2011 533 2110 decensque
546 2009 611 2082 snit
623 2039 631 2082 :
645 2007 746 2103 longa
763 2009 946 2108 decensque
964 2026 1083 2081 manet.

206 2238 225 2270 ι.
237 2218 304 2269 Esse
315 2216 386 2269 Deos
397 2203 549 2269 credarirue?
560 2213 604 2266 Sic
616 2211 677 2266 edit.
725 2214 822 2266 simum
837 2210 904 2280 apud
919 2210 1022 2264 Callim.
1036 2211 1124 2281 Epigr.
1135 2228 1217 2266 xxxr:

171 2294 298 2363 princeps.
310 2293 421 2346 Putean.
434 2303 461 2344 et
470 2292 585 2361 optimus
595 2291 676 2343 Palat.
720 2284 814 2358 Ὠμηε
840 2297 996 2358 Καλλὶγνωτος
1019 2296 1116 2356 tuelle,
1148 2290 1233 2359 μήποτ’

172 2374 221 2423 Hic
231 2373 310 2423 crede.
327 2369 409 2422 Unde
420 2370 545 2422 Heinsius
555 2375 579 2429 i.
597 2372 676 2422 crede.
792 2371 876 2431 ι’κεὶνης

172 2445 234 2514 Qua
251 2445 402 2510 locutione,
426 2456 456 2499 ut
474 2445 527 2513 jam
545 2445 675 2512 vidimus,
755 2435 1231 2521 fifewpleepelevepiussnoefflrefsles·

172 2525 313 2593 plurimum
334 2522 485 2577 delectatur.
505 2550 540 2564 ·-
558 2526 675 2575 letatur
719 2515 832 2591 'aprum‘
844 2523 901 2574 illei
913 2525 1013 2590 λέγουσιν
1027 2523 1131 2587 ileliae,
1147 2530 1197 2582 rate
1211 2525 1232 2576 in

172 2620 228 2670 quse
240 2602 344 2670 juravit.
789 2605 854 2674 lpuee

207 2699 228 2730 2.
244 2681 281 2731 El
288 2678 377 2746 facies
390 2680 445 2737 elli,
464 2697 519 2745 pne
526 2677 584 2745 leer'l
598 2685 672 2741 nerle,
755 2665 839 2753 ὅρκους
849 2685 882 2745 μὴ
898 2681 971 2731 Nicen
983 2674 1044 2731 οὔατ’
1053 2679 1074 2737 ἒς
1086 2679 1211 2732 teuteus.

173 2761 261 2807 munel.
286 2755 401 2807 Miratur
425 2765 501 2823 poeta
519 2755 583 2808 nibil
608 2755 675 2809 illius
757 2756 778 2807 3.
802 2758 916 2807 Nondum
932 2756 1036 2823 perjura
1052 2760 1166 2824 capillos.
1189 2755 1233 2809 sic

173 2835 263 2886 forme
272 2832 422 2902 deperiisse,
432 2852 490 2901 qnae
498 2832 585 2886 datam
593 2832 674 2887 fidem
724 2833 858 2886 Malleisn.
873 2834 972 2887 Probat
988 2832 1092 2888 Ciolan.
1108 2834 1231 2902 Antiqua

172 2912 319 2964 violaverat.
334 2911 450 2981 Apparet
466 2910 537 2964 enim
554 2921 675 2965 veterum
723 2912 851 2967 editiones
868 2923 894 2965 et
908 2912 984 2966 multi
999 2913 1105 2982 scripti,
1125 2914 1234 2963 nondum

171 2988 248 3041 l'nisse
265 2988 332 3042 banc
348 2988 551 3058 superstitiosam
567 2988 675 3058 opinio·
716 2992 810 3057 jurata
819 3032 826 3057 ‚
845 2991 915 3061 qnod
934 2991 1100 3061 repudiatum
1116 2989 1230 3052 nollem

171 3085 248 3133 nem,
262 3076 308 3134 ut,
320 3066 396 3135 siqui
405 3066 511 3119 mentiti
523 3078 623 3135 essent,
635 3067 676 3120 rel
724 3069 760 3121 ita
776 3070 847 3121 enirn
865 3089 928 3139 pro,
949 3080 1090 3138 antequam
1103 3069 1229 3136 jurasset,

170 3144 297 3200 creditum
312 3144 361 3197 sibi
376 3143 525 3214 depositum
539 3163 593 3198 non
607 3144 675 3197 red·
724 3147 866 3214 ponebant.
878 3147 976 3199 Bnnnt.

171 3222 311 3288 didissent,
326 3222 367 3274 vel
384 3221 499 3289 denique
514 3221 611 3274 fraudis
623 3221 675 3274 ali-
756 3225 779 3289 4.
786 3226 1030 3291 Postquamnume'na
1037 3225 1106 3274 lusu.
1113 3222 1230 3288 Rectius,

172 3302 233 3369 quid
247 3301 426 3368 admisissent,
446 3301 495 3354 illis
507 3301 534 3354 in
551 3320 614 3355 naso
631 3312 676 3354 ant
725 3304 883 3368 quamlaesr'l.
893 3300 1005 3353 Praefert
1016 3310 1105 3353 tamen
1114 3299 1206 3371 Broqb
1225 3340 1231 3353 .

171 3379 259 3449 lingna
278 3380 439 3434 tubercnlam
461 3398 606 3433 excrescere
625 3398 675 3432 re·
724 3377 756 3430 ad
769 3378 856 3431 Tibul.
871 3395 898 3443 1,
917 3377 990 3447 Eleg.
1003 3395 1038 3443 x,
1051 3377 1081 3438 b;
1095 3389 1122 3430 et
1135 3396 1162 3430 m
1202 3386 1233 3431 nt

172 3457 322 3525 pentinam,
336 3467 380 3510 ant
397 3457 444 3510 alia
463 3458 592 3527 ejusmodi
609 3459 675 3512 cutis
724 3456 832 3523 quidem
844 3456 871 3508 in
884 3455 932 3509 bac
943 3474 1006 3509 voce
1019 3455 1147 3508 Tibullus.

171 3535 234 3587 vitia
246 3535 274 3586 in
289 3535 373 3603 aliqua
388 3536 503 3605 corporis
517 3547 589 3605 parte
603 3536 675 3589 oriri.
757 3534 781 3586 6.
798 3537 867 3588 Aule
879 3540 957 3587 stetit.
977 3534 1016 3587 lta
1035 3534 1134 3602 primus
1151 3531 1233 3585 edidit

172 3612 354 3666 Testisamens
361 3611 403 3666 ille
411 3612 597 3682 Theocritens,
608 3614 674 3688 ldyt.
725 3613 866 3676 Heinsio„
879 3631 988 3665 monere
999 3622 1088 3663 antem
1100 3609 1230 3680 neglexit,
1245 3675 1248 3681 ι

172 3707 227 3758 xrr,
239 3691 272 3744 23
283 3706 290 3740 :
723 3710 749 3743 se
758 3690 1065 3744 secutnmanctoritatem
1074 3687 1169 3741 codicis
1176 3688 1232 3741 Po-

334 3756 387 3839 ἐγὼ
401 3772 426 3824 dl
438 3795 461 3825 σε
470 3773 507 3824 ria
516 3774 581 3823 nulle
589 3776 673 3836 alneis,
723 3767 812 3822 litiani.
823 3768 893 3820 Ante
902 3767 1050 3837 legebatur,
1057 3766 1120 3832 [ull.

171 3851 368 3923 Υιῦδιαρινὲςῦκι
383 3858 416 3903 les
424 3850 550 3926 sipoettsabs
560 3849 673 3921 inspecti.
758 3867 779 3916 7.
791 3849 939 3912 Aptissima.
954 3845 1092 3897 Arlr'sst'ma
1100 3843 1232 3912 meliores,

173 3924 224 3978 Sed
237 3926 309 3979 Deos
320 3873 406 3979 multo
417 3925 542 3979 faciliores
554 3925 602 3978 illis
612 3944 676 3995 pro·
724 3927 755 3978 ab
773 3924 835 3977 edit.
854 3923 961 3993 princip.
976 3924 1084 3976 Frustra
1104 3923 1233 3978 damnant

173 4003 327 4072 mittebant,
344 4003 389 4073 qui
406 4004 434 4056 in
451 4004 529 4056 rebus
544 4003 676 4057 amatoriis
724 4004 816 4058 Heius.
826 4013 853 4057 et
865 4003 958 4056 Burin.
971 4003 1016 4072 qui
1027 4021 1083 4056 non
1092 4013 1232 4057 senserunt

172 4080 330 4147 pejerabant.
338 4083 428 4136 Exstat
439 4100 470 4134 ea
481 4080 512 4137 de
523 4100 552 4136 re
564 4081 674 4151 lepidis-
724 4080 789 4136 nihil
801 4079 871 4136 aliud
888 4081 929 4136 hic
941 4092 1047 4152 poetam
1062 4081 1169 4150 dixisse,
1184 4079 1236 4135 nisi
