2798 4702
223 319 268 406 ot
497 322 537 386 r.
565 320 995 392 ov1n11ntsonrs

266 462 408 556 Tingere
426 487 523 560 quam
539 458 667 560 possis,
683 460 749 558 jam
767 461 829 534 tibi
846 461 938 537 nulla
953 493 1046 539 conta
1063 485 1123 540 est.

220 579 285 665 At,
303 575 333 647 si
348 600 444 674 passa
460 571 565 660 fores,
585 572 665 672 quid
681 591 750 647 erat
766 577 948 675 speciosius
963 578 1051 653 illis?

246 710 250 721 '
270 690 487 785 Contigerant
499 689 621 777 imum,
641 717 706 790 qua
719 707 810 790 patet
827 721 950 793 usque,
969 693 1065 769 latus.

222 806 336 905 Quid?
353 804 445 905 quod
462 821 554 878 erant
573 821 703 891 tenues,
722 821 755 877 et
773 834 858 905 quos
876 837 992 885 ornare
1011 813 1160 901 timeres;
1261 836 1277 886 5

268 920 351 995 Vela
367 919 504 994 colorati
522 918 631 1019 qualia
645 919 742 993 Seres
757 920 899 995 habent:

221 1036 284 1113 Vel
301 1036 385 1137 pede
404 1035 495 1138 quod
514 1034 628 1131 gracili
645 1034 779 1108 deducit
792 1065 909 1112 nanee
924 1038 1036 1129 filum,

270 1154 386 1249 Quum
403 1152 472 1227 leve
490 1152 619 1227 deserta
638 1151 701 1224 sub
718 1151 810 1226 trabe
826 1156 929 1228 nectit
946 1158 1058 1257 opus?

221 1361 294 1397 croco
304 1351 415 1395 vertere.
435 1339 522 1394 Pudet
533 1359 575 1393 ene
587 1339 665 1392 etiam
677 1358 727 1391 na-
776 1358 855 1407 quarn
874 1342 929 1411 ipse
946 1346 1040 1396 wllera
1054 1343 1170 1413 proxime
1188 1344 1278 1397 subse·

223 1418 300 1473 tionis
311 1435 377 1482 suae,
391 1415 461 1484 quod
472 1434 528 1468 non
542 1418 673 1468 Gentem
682 1424 727 1466 eut
776 1419 868 1486 quenti
886 1438 961 1473 versu
978 1421 1104 1475 nominat.
1126 1421 1204 1475 Hanc
1214 1441 1278 1475 vero

225 1498 309 1549 Gallo
324 1494 377 1546 sint
393 1501 551 1561 procreate:
570 1489 726 1559 itnpatriam
776 1495 848 1561 quasi
870 1496 1041 1568 lanuginem,
1067 1499 1190 1552 arborum
1213 1499 1279 1552 soliis

222 1571 313 1642 capillo
325 1569 500 1623 transferunt!
519 1590 533 1615 ν
775 1568 1280 1646 ἰιιΙιειειιῑεω,ρορυΙοι·ιιιιιριίιιιίδειοι

256 1671 279 1701 n.
295 1651 578 1716 nugemqaampossn.
589 1646 659 1699 Puto
669 1664 727 1698 rec·
775 1646 803 1700 in
820 1648 862 1700 fita
875 1649 1022 1720 duxerunt,
1038 1654 1239 1723 intereruntque
1251 1653 1279 1706 iu

222 1727 286 1792 tius,
290 1728 389 1796 fingere
397 1766 404 1789 ,
413 1744 447 1778 ne
455 1725 493 1778 bis
499 1722 570 1776 idern
580 1721 647 1776 dicat
656 1743 663 1786 ;
673 1723 726 1790 jam
776 1744 884 1794 pannos,
893 1727 1279 1793 undevesteeillaetenuissimce,

223 1805 296 1858 enim
319 1806 443 1857 nele‘care
466 1805 573 1870 capillos
592 1799 727 1871 precessit.
777 1803 908 1872 «quibus,
922 1814 951 1856 ut
962 1806 998 1857 ait
1010 1806 1130 1875 Solinus,
1149 1819 1279 1862 ostentare

224 1880 298 1935 Med.
311 1881 413 1935 Faciet:
775 1880 861 1949 potius
872 1900 995 1950 corpora,
1009 1902 1088 1951 quern
1106 1886 1216 1953 vestire,
1228 1887 1280 1938 ἴω-

224 1965 279 2003 nnn
286 1962 569 2018 sedeunfiqmqmenu.
775 1958 854 2012 minis
861 1960 986 2028 persuasit
997 1960 1103 2014 luxuriae
1111 1962 1191 2015 libido
1209 1967 1281 2017 »Co-

225 2038 283 2092 Art
296 2037 357 2090 Am.
369 2036 435 2090 libro
446 2036 546 2106 primo,
560 2035 609 2088 tot
621 2053 628 2087 τ
775 2041 946 2090 lorate'autern
955 2038 1033 2097 Seres,
1043 2039 1102 2107 quia
1112 2039 1184 2092 Indis
1194 2040 1280 2093 finiti-

224 2124 279 2174 Quid
288 2123 346 2162 nete·
355 2123 428 2183 postia·
436 2121 495 2173 fingo
503 2121 568 2172 inem·
576 2119 656 2160 conat
666 2120 695 2159 H·
776 2114 829 2181 mi,
843 2115 887 2182 qui
900 2116 980 2168 nimio
992 2116 1051 2169 solis
1061 2116 1191 2170 vicinitate
1202 2136 1281 2170 com-

224 2197 345 2250 -Recte
355 2193 565 2265 quidemfingere,
575 2195 602 2247 in
612 2193 673 2247 locis
681 2192 729 2246 ad·
776 2192 845 2245 busti
867 2192 1058 2263 nigrescentem
1080 2193 1142 2246 inde
1165 2195 1280 2248 colorem

224 2274 294 2339 latis3
305 2272 351 2328 sed
363 2272 459 2326 rectius
471 2272 554 2327 multo
566 2272 729 2345 hicgteiegm.
777 2279 919 2324 traxerunt.

256 2353 280 2405 3.
295 2354 425 2418 Que‘lerat
433 2355 571 2419 speciosius
579 2354 655 2404 illis?
665 2350 731 2416 Spa·
811 2371 832 2419 7.
854 2353 904 2403 Vel
912 2352 978 2417 pede
995 2352 1064 2418 quod
1072 2354 1167 2417 gracili
1182 2353 1285 2403 deducit

225 2435 323 2492 tebse’es,
334 2430 550 2482 Putenneuscum
556 2425 658 2479 duobus
666 2426 729 2492 aliis,
776 2448 871 2481 aranea
872 2432 957 2499 filum.
964 2432 1074 2497 staffili,
1090 2430 1118 2483 in
1127 2430 1208 2482 altero
1220 2430 1283 2481 Me-

226 2519 253 2562 et
264 2507 350 2561 Jureti
363 2505 505 2575 excerptis:
518 2515 597 2559 recte.
611 2505 646 2557 H.
665 2504 729 2558 Sine
777 2505 865 2569 dicem
875 2505 1187 2575 undefaciliconjiciebat
1195 2507 1283 2559 Hein-

226 2582 306 2636 dubio
318 2601 379 2635 vera
389 2581 465 2636 lectio
478 2601 485 2644 ;
499 2590 526 2633 et
536 2580 571 2633 ita
583 2581 731 2650 conjecerat
776 2585 970 2647 eiusProducr't,
978 2585 1211 2645 Sar-raviizsrustra;
1220 2603 1283 2637 narn

227 2660 325 2713 Douzn.
336 2662 490 2719 Pmte'osius,
512 2658 603 2711 tertius
620 2658 730 2711 Palatin.
775 2667 878 2730 {meilis
887 2673 913 2715 et
921 2664 1041 2715 deducere
1051 2662 1155 2731 propria
1162 2663 1189 2714 in
1198 2661 1247 2714 hac
1254 2682 1283 2715 re

227 2741 381 2799 Fomosius,
394 2736 494 2789 Mureti
502 2735 609 2805 primus.
617 2735 715 2789 Burtrt.
777 2741 869 2806 verba,
882 2749 912 2792 ut
924 2750 951 2792 et
963 2741 991 2792 in
1004 2739 1117 2793 lanificio
1128 2740 1283 2808 puellarum.

259 2817 282 2866 5.
295 2816 399 2866 Tenues.
407 2812 519 2865 Summa
526 2813 554 2865 in
561 2813 656 2881 capillis
662 2832 732 2866 com·
779 2819 898 2887 Propert.
911 2832 939 2868 lv
951 2857 958 2884 ,
972 2817 1043 2888 Eleg.
1058 2834 1108 2885 111,
1121 2818 1170 2870 33:

226 2890 361 2945 mendatio
373 2907 380 2943 t
390 2891 451 2942 infr.
462 2897 512 2956 ιιι,
528 2890 599 2959 Eteg.
613 2907 644 2956 x,
658 2890 689 2942 3:
802 2901 896 2952 necyn.
906 2901 926 2938 tn
935 2901 999 2938 unm
1009 2902 1081 2939 vernn
1088 2902 1151 2939 eum
1160 2914 1212 2940 suo..

226 2977 365 3023 mercem,
376 2984 441 3012 mue·
452 2973 511 3024 epicis
520 2973 609 3010 ηιῑωὶιι
618 2971 705 3025 capillos.
779 2964 815 3016 Et
831 2962 863 3015 nd
879 2963 934 3017 baec
950 2964 1061 3019 adducta
1076 2965 1118 3019 illa
1137 2966 1240 3036 Virgilii
1255 2967 1283 3019 in

227 3048 289 3102 vid.
308 3045 424 3101 Broulrh.
436 3044 469 3098 ad
482 3044 540 3098 Tib.
551 3061 579 3112 1,
593 3044 633 3097 El.
644 3061 678 3110 x,
691 3043 730 3097 68.
780 3043 866 3095 Cule'cc
877 3043 1051 3111 comparatio:

225 3154 259 3169 ·-
270 3130 339 3194 Quos
349 3144 437 3179 amare
447 3129 554 3177 teneres.
566 3121 657 3176 Codex
668 3123 732 3175 Μο·
778 3133 885 3181 tumus,
895 3134 976 3180 oct-vt,
991 3133 1065 3184 grano
1073 3133 1185 3172 ωοιιιιιιιιι
1198 3133 1283 3179 runis,

226 3207 293 3273 rell,
306 3224 355 3275 pro
366 3204 466 3257 diversa
477 3202 586 3256 lecilone
599 3242 607 3269 ,
619 3207 732 3269 spectare
778 3207 845 3259 Atque
852 3207 941 3246 ermeli
949 3207 1160 3246 tonuemsorrnevimus
1169 3220 1239 3247 orem

226 3287 327 3338 deceret
334 3304 342 3336 ι
354 3284 438 3349 sorte,
448 3300 551 3350 pesam.
563 3281 662 3335 Ηιιιιιι.
780 3282 819 3336 Ut
833 3281 904 3334 eninr
921 3299 1015 3332 manea
1027 3286 1125 3333 tenuem
1138 3300 1220 3333 orsum
1231 3320 1237 3341 ,
1256 3277 1285 3331 id

259 3362 283 3416 6.
305 3364 369 3416 Vela
380 3364 489 3414 colorati
499 3362 584 3428 qualib
597 3361 669 3411 Seres
679 3361 732 3411 ha·
780 3363 912 3428 estfilum‚
926 3358 997 3429 quod
1008 3358 1110 3413 orditur
1121 3401 1129 3428 ‚
1145 3366 1219 3413 tenue
1229 3360 1285 3412 sor-

227 3444 295 3494 bent.
316 3443 378 3493 Vela
395 3457 442 3508 pro
454 3437 566 3490 vestibus
581 3438 667 3490 sericis
682 3436 733 3490 dici
779 3451 833 3493 mat
851 3442 917 3508 pede
932 3442 1037 3506 gracili.
1070 3440 1106 3491 ita
1127 3457 1175 3490 nos
1198 3437 1284 3506 gracili

228 3520 361 3590 eleganter
368 3536 441 3587 posse
451 3533 506 3568 non
518 3525 599 3584 pum,
612 3514 672 3567 licei
683 3514 733 3567 ille
779 3520 857 3573 Musa
865 3519 972 3572 lusimus
982 3538 987 3570 :
996 3537 1059 3571 nam
1067 3518 1285 3571 etdeducerecan

227 3596 303 3650 fluxe
312 3605 399 3649 essent
409 3606 436 3646 et
447 3594 517 3646 larse.
538 3591 629 3660 Quare
641 3602 732 3661 putem
779 3616 853 3660 men,
871 3615 923 3664 quo
936 3597 1032 3649 Noster
1044 3612 1070 3659 1,
1084 3595 1192 3647 Metam.
1205 3593 1238 3657 4,
1258 3601 1285 3642 et

226 3674 269 3727 hic
280 3672 450 3744 repetendam
468 3689 559 3724 vocem
571 3689 602 3723 ex
611 3671 732 3739 sequenti
780 3675 838 3729 alibi
849 3693 915 3744 saepe
927 3675 1023 3738 utitur,
1037 3671 1148 3724 deducta
1155 3668 1216 3721 hinc
1226 3686 1285 3720 me-

227 3771 303 3806 versu
304 3756 372 3823 fila,
386 3770 444 3821 quoe
456 3750 550 3821 passini
560 3770 575 3802 a
586 3750 668 3819 poetis
677 3750 732 3804 Se·
779 3752 887 3822 taphora
898 3792 906 3817 ,
918 3751 1024 3805 dictum.
1034 3749 1132 3801 Boin.

227 3830 299 3883 ribus
310 3829 499 3883 adscribuntur.
511 3829 608 3882 Βυιιιι.
620 3855 653 3869 -
670 3832 733 3882 Vela
811 3833 834 3884 8.
845 3835 1004 3898 Nectitopus.
1020 3829 1096 3878 Texe'l
1103 3822 1143 3875 vel
1153 3828 1284 3876 neeitma-

226 3904 270 3960 hie
280 3925 327 3976 pro
338 3907 432 3961 vellera
444 3918 597 3977 ponuntur,
613 3926 661 3959 seu
671 3910 734 3959 lana
778 3911 847 3965 lebat
858 3911 920 3962 olim
931 3906 1068 3961 Heinsius:
1080 3902 1176 3955 deinde
1186 3923 1246 3956 curn
1258 3905 1285 3956 in

227 3987 327 4047 molles,
345 4003 497 4053 quncenere
507 3985 661 4055 AEthiopum
678 4005 732 4038 ne·
779 3990 953 4043 Ambrosiauo
981 3981 1116 4052 reperisset
1131 3985 1227 4048 finali,
1249 3983 1285 4033 il·

229 4081 304 4116 mora
315 4062 383 4116 canit
394 4063 467 4131 Virg·
478 4062 574 4132 Georg.
587 4079 619 4132 ιι,
633 4083 678 4117 120
686 4086 694 4131 ς
706 4076 732 4118 et
778 4069 824 4123 lud
836 4067 948 4139 protulit
963 4086 969 4127 ;
987 4071 1012 4115 et
1030 4063 1064 4114 ita
1077 4059 1156 4113 codex
1170 4060 1275 4114 Douzae.
