2798 4702
230 333 291 400 190
496 307 536 370 n.
568 278 753 375 ovrnri
782 308 1015 378 nisurus

267 445 499 546 Tithonosque
517 447 613 520 annis
629 446 752 523 fortior
767 475 838 524 esse
856 451 936 525 suis.

219 566 297 638 Haec
314 561 397 637 mihi
414 562 619 658 conligerem
636 563 695 639 sed
711 564 763 637 vir
778 594 848 638 non
865 565 1008 661 contigit
1024 565 1083 640 illi.

266 682 361 778 Quas
373 707 464 753 nunc
481 678 667 779 concipiam
684 708 745 781 per
760 709 848 755 novo
864 700 941 756 voto
956 685 1095 784 preces?

217 797 326 873 Credo
344 797 442 870 etiam
459 823 619 891 magnos,
638 824 706 896 quo
721 814 795 872 'eum
812 815 879 872 tam
897 801 1041 901 turpiter
1057 827 1158 887 usus,
1255 808 1306 890 45'

264 912 415 988 Muneris
434 910 541 986 oblati
553 913 748 1013 poenituisse
765 916 868 989 Deos.

216 1038 386 1138 Optabam
400 1054 486 1110 certe
503 1036 626 1137 recipi3
642 1065 716 1110 sum
733 1065 852 1139 nempe
869 1055 1041 1139 receptus:

266 1153 391 1229 Oscula
407 1153 510 1241 ferre;
528 1151 591 1227 tuli
605 1153 801 1253 :proximus
817 1178 905 1243 esse3
922 1154 981 1228 tui.

216 1272 297 1370 Quo
314 1270 398 1344 mihi
416 1269 556 1345 fortune)
574 1272 728 1345 tantum?
742 1300 809 1372 quo
828 1299 935 1366 regnu⁴
947 1270 1018 1345 sine
1036 1270 1123 1343 usu?

265 1387 379 1485 Quid,
397 1387 463 1460 nisi
479 1386 613 1488 possedi
633 1385 722 1461 dives
740 1415 872 1474 avarus,
887 1388 996 1486 opes?
1253 1405 1288 1457 50

215 1507 271 1580 Sic
288 1522 358 1578 aret
371 1503 489 1577 mediis
507 1504 597 1577 taciti
615 1502 772 1598 vulgator
786 1505 823 1577 in
839 1504 959 1592 undis;

263 1621 449 1719 Pomaque,
466 1646 539 1719 quae
555 1617 650 1692 nullo
669 1637 816 1720 tempore
835 1637 968 1715 tangat,
984 1620 1095 1694 habet.

215 1737 371 1809 htenera
389 1734 564 1834 quisquam
581 1735 628 1808 sic
646 1735 754 1830 surgit
770 1763 865 1810 mane
880 1734 1009 1836 puella,

262 1849 422 1923 Protinus
439 1866 477 1922 ut
494 1866 626 1922 sanctos
643 1851 752 1951 possit
769 1851 859 1924 adire
878 1853 980 1922 Deos.

213 2044 321 2095 Pelias:
345 2058 400 2093 non
413 2039 486 2094 enim
496 2059 568 2095 nunc
577 2040 611 2093 de
621 2041 724 2095 seniore
806 2045 845 2094 51.
860 2043 903 2095 Sic
911 2048 975 2094 arel.
993 2039 1144 2095 Clarissimo
1156 2039 1285 2105 Barthio,

211 2120 324 2173 Nestore
336 2120 437 2189 agitur,
448 2119 493 2173 sed
504 2119 537 2173 de
550 2121 643 2174 talibus
652 2122 725 2175 seui·
774 2116 841 2170 Λᾶν.
853 2133 954 2184 xxm,
971 2137 1019 2183 υ,
1034 2114 1152 2185 displicet
1164 2115 1220 2169 hec
1230 2116 1287 2170 lec-

212 2196 327 2265 bus,qui
334 2196 399 2249 olim
409 2197 610 2265 injuventutem
618 2198 723 2252 rediisse
773 2199 827 2264 tio,
843 2217 922 2268 quare
939 2197 1080 2268 supponit,
1095 2202 1133 2249 se'c
1144 2202 1220 2248 avet:
1237 2193 1286 2248 sed

212 2277 355 2331 dicuutur:
369 2297 449 2347 quare
463 2289 489 2332 et
502 2279 580 2332 Peliae
591 2279 724 2333 Tithonus
772 2295 827 2330 non
839 2275 997 2329 meminerat
1007 2275 1048 2326 vir
1058 2273 1117 2327 alias
1130 2282 1286 2339 muratus,

212 2355 348 2424 jungitur,
363 2355 409 2423 qui
422 2374 513 2408 revera
524 2357 660 2409 renovavit
677 2357 725 2426 ju·
772 2367 864 2410 eontra
877 2355 1008 2409 rationem
1022 2353 1139 2406 metriae
1153 2349 1286 2421 prosodia

213 2442 360 2485 ventutem.
375 2431 454 2486 Pelia
463 2444 551 2486 autem
562 2433 655 2486 eadem
666 2452 724 2502 spes
772 2433 823 2487 hoc
833 2453 887 2486 esee
899 2448 906 2482 ε
917 2443 1041 2503 preterea
1055 2430 1109 2500 ipse
1122 2427 1235 2483 Ovidius
1246 2428 1285 2482 sic

213 2531 262 2581 per
273 2512 399 2566 Medeam
409 2514 476 2566 sata
489 2512 578 2566 fefellit
591 2528 598 2562 r
609 2512 673 2566 hine
683 2513 723 2566 el·
771 2510 873 2565 locutus
879 2521 917 2563 est
927 2548 934 2576 ,
943 2510 987 2564 lib.
998 2525 1035 2577 ιι,
1048 2508 1104 2561 Art
1116 2503 1215 2559 totsst
1226 2504 1285 2558 Se-

213 2589 361 2644 srcaciorern
370 2589 548 2660 hujuspuellae
559 2601 659 2644 tactum
668 2608 724 2642 orn·
770 2610 852 2658 neca,
874 2590 983 2663 Thyest.
1003 2589 1060 2643 het.
1080 2604 1105 2654 r,
1118 2608 1141 2640 v.
1156 2589 1171 2654 4
1185 2605 1191 2639 :
1203 2587 1285 2654 Pejus

212 2666 289 2720 nibus
300 2666 404 2720 Medeoe
414 2667 494 2719 suecis
501 2666 596 2721 innuit.
608 2667 706 2720 Bonus.
771 2673 895 2722 iuventam
906 2675 948 2720 erl
957 2668 1105 2720 sr'liArente
1113 2667 1220 2718 irundr's
1228 2667 1282 2716 ale'·

246 2749 287 2814 43.
300 2750 363 2799 Haec
376 2750 445 2799 rm'hr'.
459 2747 569 2799 Palatini
580 2745 651 2811 duo,
666 2748 724 2799 Hoc

212 2831 432 2894 mr'br'contr'ffemr:
442 2826 488 2879 sed
497 2827 600 2878 frustra.
613 2827 722 2896 Proprie

211 2910 336 2973 contingit
344 2902 444 2972 puella,
457 2903 531 2970 cujus
540 2903 613 2970 copia
624 2902 661 2955 tit.

246 2987 286 3051 45.
302 2986 434 3050 Quorum.
450 2982 536 3048 Malo,
549 2987 606 3034 sr'm.
620 2983 722 3037 Horres.

215 3064 282 3127 Oura
291 3080 347 3112 sum
357 3069 470 3128 quatuor
479 3058 546 3111 libri.

244 3139 284 3204 46.
297 3139 410 3191 Muneris
417 3141 505 3190 oblate:
517 3136 656 3192 Potiundoe
663 3135 723 3190 'sei-

211 3217 271 3271 licet
283 3215 383 3287 puelle.

245 3301 285 3370 49.
298 3300 353 3364 Quo
362 3291 541 3365 m'ke'sodm
553 3303 662 3358 lantum,
673 3314 724 3363 quo

211 3398 289 3446 repra
303 3383 359 3431 sine
374 3382 444 3430 usu?
469 3377 570 3431 Eadem
590 3377 722 3431 sententie

770 2748 842 2812 quid,
863 2753 891 2797 et
901 2745 978 2812 pejus
982 2742 1057 2810 same
1072 2745 1168 2795 munte
1178 2759 1282 2807 semper.

770 2849 804 2863 -·
816 2825 903 2875 Taciti
909 2825 1030 2887 venator.
1041 2821 1168 2874 'Tantalus
1179 2819 1224 2889 qui
1235 2827 1281 2871 ta·

770 2902 850 2951 cerda
862 2897 1034 2967 evulgaverat

803 2976 843 3028 53.
857 2977 884 3029 A
902 2982 987 3028 tenera
1000 2979 1131 3043 que‘sqnam
1146 2980 1186 3028 sic
1202 2980 1285 3044 sum?

770 3058 934 3122 manepuella
942 3066 991 3109 etc.
1000 3056 1101 3124 Tanaq.
1111 3056 1172 3108 Fah.
1183 3055 1216 3109 ad
1228 3057 1281 3108 Lu·

770 3144 833 3187 eret.
845 3134 887 3188 lib.
899 3152 926 3201 1,
941 3154 998 3205 pag.
1009 3136 1057 3200 432
1071 3153 1077 3187 :
1090 3136 1196 3206 corrigit
1208 3136 1281 3189 hunc

770 3217 858 3269 locum
872 3216 924 3267 ita:
1219 3228 1224 3240 ¹

771 3304 792 3343 A
799 3314 863 3343 tenen
871 3306 961 3356 quisquo
967 3305 996 3342 eie
1005 3307 1066 3356 surgit
1074 3319 1131 3345 neue
1140 3307 1217 3358 puella,

793 3379 885 3419 Protinus
895 3380 912 3417 is
922 3388 997 3418 unetos
1008 3381 1068 3430 pouit
1075 3381 1129 3419 edire
1138 3383 1197 3420 Deos.

213 3456 319 3509 Horatii
332 3455 373 3507 lih.
387 3471 411 3520 r,
428 3453 509 3523 Epist.
522 3471 556 3521 ιι,
576 3473 624 3506 1²:
771 3454 803 3508 ln
821 3474 871 3523 qua
889 3453 954 3506 nihil
971 3473 1020 3524 ego
1033 3455 1136 3507 venusti
1150 3474 1281 3523 agnosco,

212 3540 417 3591 Quomthitonms,
426 3541 443 3577 u
451 3553 490 3578 nou
498 3538 666 3578 cumeditauit?
679 3540 702 3577 c.
770 3529 814 3583 sed
824 3549 925 3583 meram
932 3531 1088 3597 scabritiem,
1099 3531 1198 3584 Ovidio
1210 3531 1281 3584 indi—

211 3645 245 3657 -·
260 3619 317 3683 Quo
330 3616 480 3669 Puteaneus
489 3634 551 3667 curn
562 3616 663 3686 optimo
674 3616 722 3669 Pe·
771 3631 850 3681 guam
863 3627 869 3660 t
884 3623 911 3665 et
922 3617 1051 3680 pue'spuam
1065 3622 1136 3665 recte
1153 3632 1180 3664 se
1193 3611 1280 3665 habet.

211 3693 306 3745 latino:
315 3705 341 3746 et
350 3712 423 3757 mox,
432 3710 568 3761 quoregno.
581 3695 723 3758 Qm'ddona
770 3693 814 3747 Sic
822 3693 931 3746 Terent.
941 3693 1009 3744 Eun.
1018 3709 1054 3758 11,
1068 3708 1118 3756 ιιι,
1134 3691 1180 3744 82:
1193 3695 1281 3757 Qm-
1361 3729 1363 3735 -

211 3777 268 3825 ee'ere
278 3793 336 3834 osu,
351 3774 425 3827 Junii
437 3785 463 3828 et
479 3785 592 3843 quotuor
601 3773 651 3827 alii.
666 3776 722 3840 Quo
769 3774 899 3838 doan‘dem
909 3773 1093 3837 illatarumque
1103 3775 1127 3819 le
1141 3768 1281 3836 quisquam

212 3854 291 3907 dona.
304 3851 404 3906 Mureti
412 3855 503 3908 tertius
512 3875 518 3908 :
527 3854 640 3922 deiude,
654 3857 726 3922 Quid
769 3857 843 3914 novel,
856 3871 934 3920 neque
942 3856 1085 3919 seuquisis
1095 3871 1103 3902 .·
1112 3851 1157 3902 uhi
1171 3868 1219 3918 pro
1229 3852 1282 3902 ale*-

212 3934 721 4000 mihr'possede'nlterPuteaneus;sedet
768 3952 819 4001 qua
835 3933 948 4002 ponitur.
972 3931 1067 4000 Seripti
1083 3951 1147 3984 vero
1159 3930 1224 3982 nihil
1236 3930 1281 3983 hic

212 4007 247 4060 ihi
261 4007 379 4075 mallem,
398 4016 466 4078 Quo,
480 4019 535 4065 nisi
540 4018 645 4081 possedi
653 4018 721 4069 dives
769 4011 883 4075 varient,
898 4011 947 4062 nisi
958 4009 1028 4079 quod
1041 4012 1224 4076 magnosDeos
1235 4008 1279 4061 ha·

213 4101 318 4136 aratus.
329 4090 410 4148 opes?
421 4087 518 4140 Boou.
768 4087 828 4142 beat
841 4087 975 4143 Palatium
986 4087 1123 4142 secundus.
1139 4089 1237 4142 Burri.
