2798 4702
373 360 994 430 annumeraretur.
1178 367 1221 460 37

155 500 265 573 Prosit
281 516 319 570 ut
337 499 530 586 adveniens,
550 528 592 577 en
608 499 740 600 adspice
759 530 766 572 :
786 499 876 574 dives
892 518 1018 576 amator

201 616 249 689 Te
264 615 372 715 cupit,
391 633 424 689 et
442 645 542 702 curae,
561 617 641 716 qnid
661 617 724 690 tibi
744 617 848 703 desit,
867 617 979 691 habet.

154 733 215 804 Est
229 732 328 804 etiam
344 730 459 819 facies,
479 761 552 832 quae
567 761 601 806 se
619 733 683 805 tibi
701 749 883 832 comparet,
902 731 975 807 illi:

202 847 237 918 Si
255 865 286 922 te
303 877 372 921 non
390 866 509 922 emtam
527 847 642 936 vellet,
659 848 817 921 emendus
835 865 914 921 erat.
933 881 950 914 o

152 963 306 1036 Erubuit.
328 965 465 1038 «Decet
482 963 559 1038 alba
576 965 710 1066 quidem
728 965 840 1065 pudor
856 992 914 1037 ora
929 993 937 1036 :
952 964 1010 1039 sed
1026 965 1107 1055 iste,
1186 989 1219 1040 35

200 1080 237 1151 si
255 1078 406 1166 simules,
424 1080 587 1180 prodest:
606 1110 701 1155 verus
717 1081 834 1155 obesse
853 1078 948 1154 solet.

152 1196 265 1292 Quum
280 1195 366 1268 bene
385 1195 519 1294 dejectis
539 1197 701 1293 gremium
720 1195 879 1297 spectaris
898 1194 1035 1286 ocellis,

198 1313 371 1408 Quantum
389 1312 530 1412 quisque
545 1312 644 1400 serat,
662 1312 890 1415 respiciendus
908 1312 980 1386 erit.

148 1427 301 1500 Forsitan
319 1427 510 1514 immunda,
530 1428 629 1502 Tatio
645 1446 823 1524 regnante,
841 1428 974 1503 Sabina
1040 1492 1043 1497 ,

195 1541 373 1617 Noluerint
389 1543 519 1616 habiles
536 1544 691 1645 pluribus
708 1573 779 1619 esse
797 1544 885 1617 viris.

148 1661 246 1731 Nunc
263 1661 354 1732 Mars
373 1660 516 1733 externis
535 1662 664 1735 animos
682 1679 811 1735 exercet
826 1660 862 1732 in
877 1660 994 1733 armis:

196 1776 244 1848 At
260 1776 373 1848 Venus
390 1777 503 1849 AEneae
520 1796 638 1872 regnat
656 1777 690 1849 in
707 1777 790 1850 urbe
808 1775 871 1849 sni.

148 1891 285 1981 Ludite,
305 1889 480 1967 formosae:
497 1909 586 1967 casta
603 1911 672 1982 est,
692 1921 792 1993 qnam
807 1920 906 1966 nemo
922 1891 1068 1986 rogavit;

148 2096 238 2150 Venus
245 2107 301 2159 est;
314 2097 365 2151 hoc
371 2107 424 2164 est,
437 2098 481 2152 tibi
492 2099 653 2169 propitium:
701 2100 835 2154 destinest
843 2111 869 2152 et
877 2099 991 2169 pudoris
1000 2099 1079 2153 Hanc
1087 2116 1150 2151 vero
1158 2117 1214 2152 ruo·

146 2174 186 2228 elii
197 2175 299 2229 codices
309 2195 363 2229 suo.
376 2177 477 2231 Herus.
702 2176 811 2230 destiam
830 2188 855 2231 et
875 2176 1007 2247 pudorem
1024 2186 1135 2230 conatur
1152 2175 1212 2230 lena

175 2256 579 2310 31.Pmsitutadvem'ens.Utsit
587 2257 653 2311 ordo
700 2278 803 2311 summa
815 2278 864 2328 ope
881 2257 988 2311 acorde
1007 2256 1100 2326 puelle
1117 2250 1212 2308 remo-

143 2344 277 2388 etsensns:
287 2334 314 2389 0
323 2335 421 2405 puella,
431 2355 478 2395 en,
488 2335 513 2388 id
522 2346 575 2400 est,
584 2356 652 2390 eece.
700 2354 761 2387 vere
772 2374 780 2401 ,
799 2346 829 2388 ut
840 2335 939 2388 facilius
950 2333 1021 2403 quod
1034 2332 1166 2399 intendit,
1187 2332 1212 2386 ei

146 2414 193 2474 Ut,
203 2413 290 2479 idest,
300 2413 634 2483 quemadmodumzsupple
644 2453 652 2480 ,
700 2416 780 2483 possit
792 2414 956 2483 persuadere.
970 2415 1049 2466 Man.

143 2492 236 2546 Venus
247 2493 389 2547 adveniens
402 2494 483 2562 prosit
497 2492 549 2545 tibi.
562 2493 651 2545 Adve-
731 2493 771 2544 38.
791 2496 918 2558 Quantum
930 2488 1118 2559 quasquefirat.
1136 2487 1212 2540 Tan-

141 2575 220 2624 or'ens.
238 2571 348 2624 Dixerat
365 2573 436 2625 enim
455 2590 532 2638 supra
553 2589 559 2622 :
578 2572 651 2624 Mars
699 2569 1210 2640 tum,inquit,unusqnisquerespicien-

141 2652 212 2700 abr'r't.
224 2648 320 2717 Quum
329 2649 407 2718 igitur
417 2649 496 2708 Mars,
511 2646 650 2702 adversum
698 2654 746 2703 dus
753 2661 806 2715 est,
816 2647 983 2703 estimandus
992 2646 1056 2700 tanti
1065 2656 1210 2715 ,quantum

141 2724 227 2790 sidus,
239 2730 363 2785 abt'e'sset,
382 2724 531 2778 beneficum
547 2728 650 2777 Veneriis
697 2729 796 2798 asserat
805 2746 979 2780 nummorum
989 2737 1016 2780 et
1028 2725 1210 2778 emolumenti.

142 2802 649 2873 advenreusjamprodesseincipit:quod
731 2809 771 2880 39
796 2811 914 2862 Forsitan
933 2809 1075 2859 immunde,
1103 2805 1210 2859 Rectius

142 2879 285 2932 ostendens
295 2919 303 2945 ,
315 2881 362 2934 ait:
371 2883 559 2934 De'vcsamator
567 2887 592 2934 te
603 2900 650 2934 cu·
697 2885 797 2952 multo,
807 2904 886 2955 quarn
896 2889 1009 2945 inculta,
1022 2883 1093 2953 qnod
1104 2900 1209 2935 mermn

137 2964 195 3025 pit,
210 2969 235 3012 te
244 2958 359 3029 deperit:
369 2961 409 3014 cui
418 2979 486 3014 cnrae
494 2971 533 3012 est
541 2959 566 3011 id
577 2958 648 3028 quod
697 2963 830 3033 glossema.
839 2963 996 3017 Immundus
1003 2962 1089 3027 enim,
1100 2963 1208 3027 ἄκοσμος

143 3036 189 3089 tibi
205 3035 294 3100 deest;
314 3037 340 3090 id
354 3049 408 3105 est,
428 3037 522 3108 dignus
538 3055 648 3108 corpore
696 3041 942 3107 nndeanret.1v,
960 3043 1041 3093 1155:

140 3113 232 3169 cullul-
245 3115 323 3168 ΜΔΕ.
695 3135 770 3186 Niga,
784 3130 893 3197 [κλᾶρος
906 3141 950 3181 ”li
972 3131 1073 3170 immunde
1091 3142 1112 3166 κ
1127 3126 1207 3175 fetide,
1225 3166 1227 3171 ⁴

173 3196 213 3247 35.
224 3198 338 3250 Emona.
347 3197 396 3251 His
404 3196 456 3250 scil.
465 3196 569 3263 auditis,
579 3196 649 3267 puel·
761 3205 867 3268 hospes.

138 3271 179 3338 la,
191 3275 347 3341 cujusvoces
355 3275 463 3344 hujusce
472 3275 544 3327 rnodi
552 3314 559 3343 ,
567 3296 648 3330 emen·
730 3282 770 3345 40.
784 3279 900 3329 liabitas.
910 3274 1034 3328 Haberia
1045 3272 1160 3343 pluribus
1168 3273 1211 3326 vi-

138 3354 214 3411 dant,
231 3358 363 3414 emendus,
376 3373 453 3408 aures
464 3352 534 3407 haud
546 3354 648 3409 imme·
696 3355 739 3410 ris.
751 3357 861 3410 Terent.
879 3354 964 3408 Andr.
981 3371 1008 3419 1,
1029 3375 1049 3406 1.
1072 3356 1133 3420 Quis
1154 3355 1212 3405 heri

137 3431 191 3483 rito
207 3431 333 3485 laeserant.
353 3432 451 3485 Statim
463 3432 550 3501 itaque
564 3448 648 3486 anus:
695 3437 962 3506 habuithryst'dem?
975 3430 1060 3486 Cicer.
1069 3448 1113 3496 11,
1125 3430 1206 3498 Epist

136 3512 383 3578 decetalbaquidem
388 3512 474 3577 pudor
481 3531 542 3572 ora,
555 3511 648 3580 puellae
696 3513 742 3566 ult
754 3515 856 3566 Habere
866 3532 923 3566 eum
932 3513 1025 3564 laida.
1036 3508 1121 3562 Greci
1133 3506 1207 3559 simi·

135 3588 250 3640 sormam
260 3588 338 3642 simul
347 3588 456 3642 laudans
464 3599 491 3641 et
499 3589 580 3642 animi
588 3608 647 3643 can·
695 3591 755 3645 liter
763 3596 789 3646 τὶ
798 3598 859 3660 izin
866 3600 999 3659 usurpant
1010 3584 1207 3641 Besso-Ni-

135 3665 647 3736 doremtquodhicperlidiaesummum.
695 3670 745 3722 mis
761 3669 812 3722 hoc
829 3668 930 3723 subtile.
950 3669 1053 3719 Habitu
1069 3668 1132 3716 vini
1150 3661 1207 3714 dic·

168 3745 353 3813 37.Speclabis.
360 3745 389 3799 si
394 3751 518 3812 spectatis
523 3766 571 3815 pro
577 3767 647 3817 spec·
695 3758 768 3811 tum,
782 3757 812 3799 ut
824 3747 883 3799 inlr.
897 3745 937 3798 El.
948 3761 993 3810 tx,
1007 3744 1038 3795 3:
1049 3743 1126 3795 AElas
1137 3743 1205 3793 tello

133 3827 230 3879 caveris
250 3845 298 3895 per
320 3845 455 3897 syncopen
482 3827 646 3896 subjunctive
694 3828 806 3885 habitu,
819 3835 845 3876 et
858 3824 892 3875 ita
903 3823 1006 3892 passim.
1019 3822 1118 3874 Burin.

134 3903 279 3973 legeretur,
291 3904 356 3956 mihi
367 3903 449 3972 magis
461 3902 589 3972 placeret:
600 3902 647 3958 sed
727 3904 767 3970 43.
785 3901 1019 3970 Luduntsomose.
1032 3901 1137 3959 sudate,
1144 3897 1206 3965 seat*-

134 3981 228 4033 nullibi
241 3980 267 4033 id
277 3981 439 4050 reperimus:
452 3999 506 4033 non
519 3981 599 4050 igitur
607 3989 647 4033 est
693 4000 769 4034 mose
776 3978 957 4045 Sarravianus‚
967 3998 1028 4033 cum
1038 3996 1092 4031 uno
1104 3974 1207 4029 ttloreri

134 4071 236 4114 temere
247 4061 454 4115 immutandum.
469 4062 587 4128 Spectata
598 4079 647 4112 au·
694 4069 721 4112 et
729 4056 894 4112 Scriveriano
908 4071 914 4104 :
926 4057 1016 4127 placet
1029 4053 1203 4122 Art.11,389:

133 4147 192 4191 tem
201 4144 337 4207 gremium,
350 4141 461 4208 dejectis
470 4143 567 4204 ocules,
580 4155 646 4192 mo-
694 4144 781 4194 Ludtu,
789 4141 883 4183 ”Mem
889 4142 1029 4194 uhtrueutp·
1035 4140 1130 4183 Μ’·
