2798 4702
397 370 631 440 AMORUM
658 372 688 437 1.
718 369 865 438 stoc.
890 370 982 438 VII.
1179 374 1220 442 33

207 511 363 613 Qualiter
377 509 505 610 abjecta
522 509 563 584 dc
580 509 655 583 nive
671 525 783 583 manat
797 537 891 609 aqua.

161 634 256 708 Tunc
273 659 337 726 ego
354 656 407 701 me
423 628 568 728 primum
586 626 672 728 coepi
688 624 810 700 sentire
827 643 1023 701 nocentemt

210 747 353 842 Sanguis
372 763 466 819 eraut
483 743 643 831 lacrimae,
663 771 746 843 quas
764 741 866 816 dabat
883 741 955 831 illa,
972 772 1075 819 meus.
1195 771 1229 820 oo

162 865 228 938 Ter
246 881 354 936 tamen
371 878 447 934 ante
465 860 566 962 pedes
585 858 676 932 volui
694 858 914 960 procumbere
929 861 1091 962 supplex:

209 981 278 1053 Ter
291 976 485 1052 formidatas
502 974 650 1077 reppulit
667 973 724 1050 illa
740 1003 867 1048 manus.

163 1098 210 1170 At
226 1113 263 1169 tu
283 1124 325 1169 ne
343 1094 475 1181 dubita,
492 1092 622 1166 minuet
634 1092 778 1165 vindicta
796 1089 962 1181 dolorem,

183 1220 191 1237 '
211 1212 371 1286 Protinus
389 1211 425 1282 in
442 1207 556 1282 vultus
572 1209 744 1302 unguibus
762 1207 808 1280 ire
825 1236 937 1293 meos;

164 1328 232 1402 Nec
248 1327 374 1401 nostris
388 1323 513 1413 oculis,
531 1352 593 1399 nec
611 1325 736 1398 nostris
753 1352 850 1424 parce
868 1321 1013 1424 capillis:
1198 1349 1234 1402 os

213 1442 409 1540 Quamlibet
425 1439 572 1514 inlirmas
590 1440 721 1539 adjuvet
738 1440 788 1513 ira
803 1468 937 1514 manus:

165 1561 254 1635 Neve
269 1559 335 1633 mei
353 1556 485 1632 sceleris
501 1575 568 1631 tam
586 1556 692 1631 tristia
709 1556 805 1653 signa
822 1557 1007 1657 supersint,

214 1677 308 1749 Pone
324 1675 560 1776 recompositas
578 1675 614 1747 in
631 1675 775 1749 statione
789 1702 909 1748 comas.

88 1906 91 1911 ¹
168 1877 675 1947 MoretietDouroecodex‚summaoe-
723 1889 808 1950 poeta
826 1877 927 1949 addunt
940 1879 1051 1933 alterum
1058 1899 1079 1949 p
1086 1919 1093 1944 ‚
1116 1889 1142 1933 et
1159 1881 1235 1950 posi-

167 1961 209 2010 tut
219 1960 316 2023 lepida
329 1957 349 2010 si
360 1957 500 2026 separatim
510 1957 593 2028 legas,
605 1976 675 2012 sum-
724 1961 795 2015 tione
805 1961 911 2031 longam
919 1962 1025 2015 faciunt.
1033 1960 1145 2016 ldemlit
1153 1963 1234 2016 etiam

167 2039 398 2104 mulutlepido.
722 2037 752 2091 in
769 2039 901 2107 proeterito
913 2042 1004 2101 retuli,
1019 2049 1046 2092 et
1057 2045 1143 2106 npen‘.
1156 2039 1235 2092 ltlm.

199 2115 238 2167 58.
255 2115 369 2181 ΛόχὶτΙα
385 2117 417 2167 de
428 2119 491 2167 πῖνε.
510 2114 551 2167 Ex
565 2115 628 2168 caelo
646 2116 675 2169 in
724 2115 764 2168 lta
778 2116 841 2169 olim
861 2136 1013 2186 persuasum
1032 2115 1234 2180 Grammaticis;

166 2201 262 2245 terram
263 2193 361 2260 jacta:
374 2193 489 2259 utjacte
498 2197 568 2245 πίνω
577 2194 675 2247 Nostro
723 2193 769 2247 sed
782 2212 854 2247 nunc
865 2194 921 2248 sine
939 2205 1013 2247 metu
1024 2194 1236 2264 reprehensionis

166 2269 209 2324 lib.
220 2286 261 2335 ιι,
274 2269 332 2323 Art
346 2270 407 2323 Am.
421 2271 477 2323 232.
490 2270 559 2324 Vide
572 2270 632 2324 inlr.
642 2270 676 2324 ad
723 2271 783 2325 talia
790 2270 917 2325 audemus
927 2272 1036 2343 simplici
1043 2292 1064 2339 p
1075 2271 1154 2325 edere
1164 2292 1171 2325 :
1182 2272 1237 2344 syl·

167 2348 239 2418 Eleg.
249 2366 293 2413 rx,
310 2369 347 2400 ra.
355 2349 537 2416 abje‘cerevero
545 2360 584 2402 est
592 2349 618 2402 in
626 2359 676 2402 ter·
723 2346 780 2401 laba
792 2349 834 2402 illa
846 2349 919 2403 enirn
927 2371 962 2412 rr,
971 2361 1114 2419 utrumque
1123 2348 1237 2402 modum

166 2445 223 2479 ram
236 2426 372 2496 projicere.
388 2428 499 2495 Obiecta
509 2426 591 2481 edidit
600 2429 676 2484 Bers-
723 2428 833 2497 recipit,
846 2430 925 2482 etiam
937 2449 993 2482 non
1004 2428 1133 2498 duplicata
1145 2446 1235 2481 conso·

167 2525 288 2560 mannus.
300 2505 398 2559 Burin.
723 2516 805 2559 nante
817 2525 824 2558 ε
837 2506 873 2559 ita
885 2509 975 2568 recidi,
989 2525 1045 2559 non
1058 2508 1160 2558 reccidr'.
1171 2504 1201 2558 B.

197 2583 238 2636 Ga.
260 2585 312 2635 Ter
314 2583 471 2650 formidatas
481 2593 530 2638 etc.
548 2584 677 2656 Excerpta
756 2583 797 2635 66.
813 2585 958 2651 Quamlibet
964 2587 1077 2653 sissimus
1084 2583 1237 2654 adjuverim

167 2660 280 2726 scilicet,
293 2672 320 2714 et
331 2671 452 2713 recenter
461 2661 582 2731 quidem,
596 2683 677 2733 qnam
724 2680 822 2714 manns.
834 2664 996 2729 Quamlibet,
1006 2661 1033 2714 id
1043 2671 1098 2730 est,
1111 2663 1237 2732 quamvis.

167 2749 254 2792 essent
259 2740 437 2806 fhmadandae.
448 2745 619 2812 —Ileppulr't,
633 2765 678 2798 re-
725 2740 797 2810 Lege
807 2740 860 2802 sic,
880 2760 943 2795 curn
959 2739 1110 2796 melioribus
1123 2741 1236 2811 quibus-

169 2816 240 2884 jecit.
248 2814 403 2869 Notandum
412 2828 500 2871 antem
508 2832 560 2889 est,
573 2825 680 2891 Repulit
725 2838 776 2889 que
788 2819 896 2889 scriptis
908 2820 1011 2874 fluns.

170 2903 267 2945 natura
276 2894 406 2963 corripere
416 2897 527 2965 primam
536 2901 677 2972 syllabam:
757 2897 797 2969 67·
813 2900 994 2968 Trislt'ast’m·
1006 2898 1236 2954 Heinsiumlavll

169 2980 201 3024 ut
214 2970 311 3026 Medea
323 2973 466 3043 Ovidiana‚
480 2978 506 3032 in
516 2980 632 3051 Epistola
644 2982 677 3036 ad
725 2979 753 3032 in
764 2980 849 3050 prima
857 2981 973 3035 editione
981 2981 1031 3051 legi
1034 2988 1147 3048 ,msle'ca
1155 2989 1236 3049 signa.

168 3049 298 3103 Jasonem
309 3071 374 3106 vers.
389 3055 434 3107 16⁵
447 3076 454 3110 ι
757 3060 1110 3131 68.Ponerecomposr'!asetc.
1119 3063 1235 3129 Instatis,

169 3134 317 3186 omiseram
326 3137 665 3194 sepuliano-moinusaatgnes.
726 3157 779 3208 quo
787 3139 1009 3209 prius‚capillisac
1018 3151 1236 3210 reponantunue

170 3207 226 3263 Sed
236 3211 394 3283 quandoque
404 3253 413 3282 ,
431 3214 515 3269 immo
526 3226 554 3270 et
564 3217 656 3287 sepius
668 3258 678 3287 ,
726 3218 798 3289 qnod
804 3218 916 3290 supersit
925 3223 1028 3274 scelen's
1037 3221 1090 3273 mei
1100 3221 1233 3280 indicium-

579 3513 818 3541 ..ιι-*ιιι-
