<?xml version="1.0" encoding="UTF-8"?>
<!DOCTYPE html PUBLIC "-//W3C//DTD XHTML 1.0 Transitional//EN"
    "http://www.w3.org/TR/xhtml1/DTD/xhtml1-transitional.dtd">
<html xmlns="http://www.w3.org/1999/xhtml" xml:lang="en" lang="en">
 <head>
  <title>
</title>
<meta http-equiv="Content-Type" content="text/html;charset=utf-8" />
  <meta name='ocr-system' content='tesseract 3.04.00' />
  <meta name='ocr-capabilities' content='ocr_page ocr_carea ocr_par ocr_line ocrx_word'/>
</head>
<body>
  <div class='ocr_page' id='page_1' title='image "./publiiovidiinas00massgoog_0374.png"; bbox 0 0 2798 4702; ppageno 0'>
   <div class='ocr_carea' id='block_1_1' title="bbox 342 360 1227 464">
    <p class='ocr_par' dir='ltr' id='par_1_1' title="bbox 342 360 1227 464">
     <span class='ocr_line' id='line_1_1' title="bbox 342 360 1227 464; baseline 0.005 -32"><span class='ocrx_word' id='word_1_1' title='bbox 342 360 503 433; x_wconf 80' lang='lat' dir='ltr'>ARTIS</span> <span class='ocrx_word' id='word_1_2' title='bbox 525 361 814 431; x_wconf 81' lang='lat' dir='ltr'><strong>AMATORIAE</strong></span> <span class='ocrx_word' id='word_1_3' title='bbox 845 363 944 434; x_wconf 79' lang='grc' dir='ltr'><strong>ΠΒ.</strong></span> <span class='ocrx_word' id='word_1_4' title='bbox 969 367 1044 435; x_wconf 87' lang='lat'>111.</span> <span class='ocrx_word' id='word_1_5' title='bbox 1159 369 1227 464; x_wconf 83' lang='lat'><strong>369</strong></span> 
     </span>
    </p>
   </div>
   <div class='ocr_carea' id='block_1_2' title="bbox 160 503 1232 1533">
    <p class='ocr_par' dir='ltr' id='par_1_2' title="bbox 160 503 1232 1533">
     <span class='ocr_line' id='line_1_2' title="bbox 210 503 932 604; baseline -0.001 -26"><span class='ocrx_word' id='word_1_6' title='bbox 210 506 308 604; x_wconf 84' lang='lat' dir='ltr'><strong>Quos</strong></span> <span class='ocrx_word' id='word_1_7' title='bbox 325 503 422 591; x_wconf 82' lang='lat' dir='ltr'><strong>saciet</strong></span> <span class='ocrx_word' id='word_1_8' title='bbox 439 521 555 592; x_wconf 85' lang='lat' dir='ltr'><strong>testes,</strong></span> <span class='ocrx_word' id='word_1_9' title='bbox 569 503 649 578; x_wconf 84' lang='lat' dir='ltr'><strong>lecit</strong></span> <span class='ocrx_word' id='word_1_10' title='bbox 664 521 699 577; x_wconf 89' lang='lat' dir='ltr'><strong>et</strong></span> <span class='ocrx_word' id='word_1_11' title='bbox 718 520 812 592; x_wconf 90' lang='lat' dir='ltr'><strong>ante,</strong></span> <span class='ocrx_word' id='word_1_12' title='bbox 830 505 932 580; x_wconf 88' lang='lat' dir='ltr'><strong>Deos.</strong></span> 
     </span>
     <span class='ocr_line' id='line_1_3' title="bbox 160 618 997 721; baseline 0.001 -27"><span class='ocrx_word' id='word_1_13' title='bbox 160 621 206 694; x_wconf 83' lang='lat' dir='ltr'><strong>Et</strong></span> <span class='ocrx_word' id='word_1_14' title='bbox 223 619 302 707; x_wconf 89' lang='lat' dir='ltr'><strong>tibi,</strong></span> <span class='ocrx_word' id='word_1_15' title='bbox 319 619 562 721; x_wconf 83' lang='lat' dir='ltr'><strong>Demophoon,</strong></span> <span class='ocrx_word' id='word_1_16' title='bbox 579 618 701 693; x_wconf 85' lang='lat' dir='ltr'><strong>Thesei</strong></span> <span class='ocrx_word' id='word_1_17' title='bbox 717 618 865 692; x_wconf 85' lang='lat' dir='ltr'><strong>criminis</strong></span> <span class='ocrx_word' id='word_1_18' title='bbox 882 619 997 711; x_wconf 80' lang='lat' dir='ltr'><strong>heres,</strong></span> 
     </span>
     <span class='ocr_line' id='line_1_4' title="bbox 210 732 1232 840; baseline -0.005 -28"><span class='ocrx_word' id='word_1_19' title='bbox 210 737 363 840; x_wconf 85' lang='lat' dir='ltr'><strong>Phyllide</strong></span> <span class='ocrx_word' id='word_1_20' title='bbox 382 737 538 838; x_wconf 90' lang='lat' dir='ltr'><strong>decepta,</strong></span> <span class='ocrx_word' id='word_1_21' title='bbox 555 732 649 810; x_wconf 90' lang='lat' dir='ltr'><strong>nulla</strong></span> <span class='ocrx_word' id='word_1_22' title='bbox 664 733 779 809; x_wconf 90' lang='lat' dir='ltr'><strong>relicta</strong></span> <span class='ocrx_word' id='word_1_23' title='bbox 795 734 888 810; x_wconf 89' lang='lat' dir='ltr'><strong>fides.</strong></span> <span class='ocrx_word' id='word_1_24' title='bbox 1181 762 1232 832; x_wconf 72' lang='lat'><strong>46⁰</strong></span> 
     </span>
     <span class='ocr_line' id='line_1_5' title="bbox 160 850 1030 957; baseline 0 -29"><span class='ocrx_word' id='word_1_25' title='bbox 160 855 198 928; x_wconf 87' lang='lat' dir='ltr'><strong>Si</strong></span> <span class='ocrx_word' id='word_1_26' title='bbox 210 854 294 928; x_wconf 91' lang='lat' dir='ltr'><strong>bene</strong></span> <span class='ocrx_word' id='word_1_27' title='bbox 312 854 525 957; x_wconf 75' lang='lat' dir='ltr'><strong>promittant,</strong></span> <span class='ocrx_word' id='word_1_28' title='bbox 542 850 681 925; x_wconf 85' lang='lat' dir='ltr'><strong>totidem</strong></span> <span class='ocrx_word' id='word_1_29' title='bbox 697 851 883 952; x_wconf 79' lang='lat' dir='ltr'><strong>promittite</strong></span> <span class='ocrx_word' id='word_1_30' title='bbox 899 852 1030 928; x_wconf 83' lang='lat' dir='ltr'><strong>verbis:</strong></span> 
     </span>
     <span class='ocr_line' id='line_1_6' title="bbox 210 965 903 1068; baseline -0.003 -24"><span class='ocrx_word' id='word_1_31' title='bbox 210 970 245 1043; x_wconf 89' lang='lat' dir='ltr'><strong>si</strong></span> <span class='ocrx_word' id='word_1_32' title='bbox 263 969 430 1055; x_wconf 83' lang='lat' dir='ltr'><strong>dederint,</strong></span> <span class='ocrx_word' id='word_1_33' title='bbox 446 985 480 1041; x_wconf 90' lang='lat' dir='ltr'><strong>et</strong></span> <span class='ocrx_word' id='word_1_34' title='bbox 494 995 563 1044; x_wconf 69' lang='lat' dir='ltr'><strong>vos,</strong></span> <span class='ocrx_word' id='word_1_35' title='bbox 574 965 693 1062; x_wconf 86' lang='lat' dir='ltr'><strong>gaudia</strong></span> <span class='ocrx_word' id='word_1_36' title='bbox 705 984 803 1068; x_wconf 86' lang='lat' dir='ltr'><strong>pacta</strong></span> <span class='ocrx_word' id='word_1_37' title='bbox 819 966 903 1042; x_wconf 87' lang='lat' dir='ltr'><strong>date.</strong></span> 
     </span>
     <span class='ocr_line' id='line_1_7' title="bbox 161 1082 993 1188; baseline 0 -28"><span class='ocrx_word' id='word_1_38' title='bbox 161 1086 223 1160; x_wconf 92' lang='lat' dir='ltr'><strong>llla</strong></span> <span class='ocrx_word' id='word_1_39' title='bbox 237 1102 350 1188; x_wconf 89' lang='lat' dir='ltr'><strong>potest</strong></span> <span class='ocrx_word' id='word_1_40' title='bbox 364 1082 480 1179; x_wconf 88' lang='lat' dir='ltr'><strong>vigiles</strong></span> <span class='ocrx_word' id='word_1_41' title='bbox 496 1082 642 1156; x_wconf 89' lang='lat' dir='ltr'><strong>llammas</strong></span> <span class='ocrx_word' id='word_1_42' title='bbox 655 1082 846 1178; x_wconf 80' lang='lat' dir='ltr'><strong>extinguere</strong></span> <span class='ocrx_word' id='word_1_43' title='bbox 865 1084 993 1173; x_wconf 69' lang='lat' dir='ltr'><strong>Vesta,</strong></span> 
     </span>
     <span class='ocr_line' id='line_1_8' title="bbox 209 1198 945 1304; baseline -0.007 -25"><span class='ocrx_word' id='word_1_44' title='bbox 209 1208 256 1279; x_wconf 84' lang='lat' dir='ltr'><strong>Et</strong></span> <span class='ocrx_word' id='word_1_45' title='bbox 272 1230 385 1304; x_wconf 87' lang='lat' dir='ltr'><strong>rapere</strong></span> <span class='ocrx_word' id='word_1_46' title='bbox 401 1230 418 1274; x_wconf 92' lang='lat' dir='ltr'><strong>e</strong></span> <span class='ocrx_word' id='word_1_47' title='bbox 435 1198 587 1300; x_wconf 86' lang='lat' dir='ltr'><strong>templis,</strong></span> <span class='ocrx_word' id='word_1_48' title='bbox 600 1198 732 1287; x_wconf 79' lang='lat' dir='ltr'><strong>Inachi,</strong></span> <span class='ocrx_word' id='word_1_49' title='bbox 749 1228 842 1274; x_wconf 88' lang='lat' dir='ltr'><strong>sacra</strong></span> <span class='ocrx_word' id='word_1_50' title='bbox 858 1200 945 1289; x_wconf 87' lang='lat' dir='ltr'><strong>tuis;</strong></span> 
     </span>
     <span class='ocr_line' id='line_1_9' title="bbox 161 1314 1227 1412; baseline -0.007 -18"><span class='ocrx_word' id='word_1_51' title='bbox 161 1324 206 1395; x_wconf 86' lang='lat' dir='ltr'><strong>Et</strong></span> <span class='ocrx_word' id='word_1_52' title='bbox 223 1319 300 1393; x_wconf 89' lang='lat' dir='ltr'><strong>dare</strong></span> <span class='ocrx_word' id='word_1_53' title='bbox 313 1317 416 1390; x_wconf 83' lang='lat' dir='ltr'><strong>mixta</strong></span> <span class='ocrx_word' id='word_1_54' title='bbox 432 1316 503 1388; x_wconf 90' lang='lat' dir='ltr'><strong>viro</strong></span> <span class='ocrx_word' id='word_1_55' title='bbox 520 1314 606 1388; x_wconf 86' lang='lat' dir='ltr'><strong>tritis</strong></span> <span class='ocrx_word' id='word_1_56' title='bbox 622 1314 752 1388; x_wconf 86' lang='lat' dir='ltr'><strong>aconita</strong></span> <span class='ocrx_word' id='word_1_57' title='bbox 765 1315 904 1401; x_wconf 86' lang='lat' dir='ltr'><strong>cicutis,</strong></span> <span class='ocrx_word' id='word_1_58' title='bbox 1176 1342 1227 1412; x_wconf 73' lang='lat'><strong>4⁶5</strong></span> 
     </span>
     <span class='ocr_line' id='line_1_10' title="bbox 211 1427 947 1533; baseline -0.005 -24"><span class='ocrx_word' id='word_1_59' title='bbox 211 1436 359 1533; x_wconf 84' lang='lat' dir='ltr'><strong>Accepto</strong></span> <span class='ocrx_word' id='word_1_60' title='bbox 377 1433 540 1506; x_wconf 84' lang='lat' dir='ltr'><strong>Venerem</strong></span> <span class='ocrx_word' id='word_1_61' title='bbox 555 1457 691 1503; x_wconf 91' lang='lat' dir='ltr'><strong>munere</strong></span> <span class='ocrx_word' id='word_1_62' title='bbox 709 1427 738 1502; x_wconf 91' lang='lat' dir='ltr'><strong>si</strong></span> <span class='ocrx_word' id='word_1_63' title='bbox 755 1459 820 1531; x_wconf 93' lang='lat' dir='ltr'><strong>qua</strong></span> <span class='ocrx_word' id='word_1_64' title='bbox 838 1449 947 1527; x_wconf 89' lang='lat' dir='ltr'><strong>negat.</strong></span> 
     </span>
    </p>
   </div>
   <div class='ocr_carea' id='block_1_3' title="bbox 163 1570 1232 2374">
    <p class='ocr_par' dir='ltr' id='par_1_3' title="bbox 163 1570 1232 2374">
     <span class='ocr_line' id='line_1_11' title="bbox 163 1570 1145 1674; baseline 0.002 -24"><span class='ocrx_word' id='word_1_65' title='bbox 163 1576 259 1650; x_wconf 76' lang='lat' dir='ltr'>FERT</span> <span class='ocrx_word' id='word_1_66' title='bbox 276 1573 405 1647; x_wconf 88' lang='lat' dir='ltr'><strong>animus</strong></span> <span class='ocrx_word' id='word_1_67' title='bbox 420 1571 561 1674; x_wconf 90' lang='lat' dir='ltr'><strong>propius</strong></span> <span class='ocrx_word' id='word_1_68' title='bbox 578 1570 780 1645; x_wconf 83' lang='lat' dir='ltr'><strong>consistere:</strong></span> <span class='ocrx_word' id='word_1_69' title='bbox 797 1572 967 1674; x_wconf 83' lang='lat' dir='ltr'><strong>supprime</strong></span> <span class='ocrx_word' id='word_1_70' title='bbox 979 1573 1145 1669; x_wconf 86' lang='lat' dir='ltr'><strong>habenas,</strong></span> 
     </span>
     <span class='ocr_line' id='line_1_12' title="bbox 213 1686 868 1775; baseline -0.006 -11"><span class='ocrx_word' id='word_1_71' title='bbox 213 1692 332 1775; x_wconf 86' lang='lat' dir='ltr'><strong>Musa;</strong></span> <span class='ocrx_word' id='word_1_72' title='bbox 348 1716 409 1762; x_wconf 91' lang='lat' dir='ltr'><strong>nec</strong></span> <span class='ocrx_word' id='word_1_73' title='bbox 423 1686 575 1761; x_wconf 86' lang='lat' dir='ltr'><strong>admissis</strong></span> <span class='ocrx_word' id='word_1_74' title='bbox 593 1686 758 1761; x_wconf 81' lang='lat' dir='ltr'><strong>excutiare</strong></span> <span class='ocrx_word' id='word_1_75' title='bbox 773 1687 868 1762; x_wconf 88' lang='lat' dir='ltr'><strong>rotis.</strong></span> 
     </span>
     <span class='ocr_line' id='line_1_13' title="bbox 163 1802 1036 1906; baseline 0 -24"><span class='ocrx_word' id='word_1_76' title='bbox 163 1807 275 1882; x_wconf 82' lang='lat' dir='ltr'><strong>Verba</strong></span> <span class='ocrx_word' id='word_1_77' title='bbox 290 1802 409 1880; x_wconf 86' lang='lat' dir='ltr'><strong>vadum</strong></span> <span class='ocrx_word' id='word_1_78' title='bbox 424 1804 555 1878; x_wconf 82' lang='lat' dir='ltr'><strong>tentent</strong></span> <span class='ocrx_word' id='word_1_79' title='bbox 571 1802 722 1898; x_wconf 81' lang='lat' dir='ltr'><strong>abiegnis</strong></span> <span class='ocrx_word' id='word_1_80' title='bbox 740 1804 863 1906; x_wconf 90' lang='lat' dir='ltr'><strong>scripta</strong></span> <span class='ocrx_word' id='word_1_81' title='bbox 879 1805 1036 1882; x_wconf 86' lang='lat' dir='ltr'><strong>tabellis:</strong></span> 
     </span>
     <span class='ocr_line' id='line_1_14' title="bbox 213 1918 1232 2023; baseline -0.005 -27"><span class='ocrx_word' id='word_1_82' title='bbox 213 1922 365 2023; x_wconf 84' lang='lat' dir='ltr'><strong>Accipiat</strong></span> <span class='ocrx_word' id='word_1_83' title='bbox 380 1921 495 1994; x_wconf 89' lang='lat' dir='ltr'><strong>missas</strong></span> <span class='ocrx_word' id='word_1_84' title='bbox 513 1936 589 2021; x_wconf 89' lang='lat' dir='ltr'><strong>apta</strong></span> <span class='ocrx_word' id='word_1_85' title='bbox 605 1918 759 1993; x_wconf 89' lang='lat' dir='ltr'><strong>ministra</strong></span> <span class='ocrx_word' id='word_1_86' title='bbox 775 1937 884 1993; x_wconf 91' lang='lat' dir='ltr'><strong>notas.</strong></span> <span class='ocrx_word' id='word_1_87' title='bbox 1179 1947 1232 2018; x_wconf 69' lang='lat'><strong>⁴7⁰</strong></span> 
     </span>
     <span class='ocr_line' id='line_1_15' title="bbox 166 2032 1055 2139; baseline -0.004 -26"><span class='ocrx_word' id='word_1_88' title='bbox 166 2039 318 2139; x_wconf 84' lang='lat' dir='ltr'><strong>lnspiee:</strong></span> <span class='ocrx_word' id='word_1_89' title='bbox 336 2035 492 2138; x_wconf 88' lang='lat' dir='ltr'><strong>quodque</strong></span> <span class='ocrx_word' id='word_1_90' title='bbox 509 2035 614 2131; x_wconf 87' lang='lat' dir='ltr'><strong>leges,</strong></span> <span class='ocrx_word' id='word_1_91' title='bbox 632 2062 672 2108; x_wconf 83' lang='lat' dir='ltr'><strong>ex</strong></span> <span class='ocrx_word' id='word_1_92' title='bbox 688 2034 771 2133; x_wconf 89' lang='lat' dir='ltr'><strong>ipsis</strong></span> <span class='ocrx_word' id='word_1_93' title='bbox 789 2032 909 2128; x_wconf 79' lang='lat' dir='ltr'><strong>collige</strong></span> <span class='ocrx_word' id='word_1_94' title='bbox 927 2035 1055 2124; x_wconf 86' lang='lat' dir='ltr'><strong>verbis,</strong></span> 
     </span>
     <span class='ocr_line' id='line_1_16' title="bbox 214 2148 958 2251; baseline -0.012 -22"><span class='ocrx_word' id='word_1_95' title='bbox 214 2156 349 2251; x_wconf 80' lang='lat' dir='ltr'><strong>lingat,</strong></span> <span class='ocrx_word' id='word_1_96' title='bbox 368 2181 409 2226; x_wconf 91' lang='lat' dir='ltr'><strong>an</strong></span> <span class='ocrx_word' id='word_1_97' title='bbox 428 2181 468 2226; x_wconf 84' lang='lat' dir='ltr'><strong>ex</strong></span> <span class='ocrx_word' id='word_1_98' title='bbox 485 2151 594 2224; x_wconf 90' lang='lat' dir='ltr'><strong>animo</strong></span> <span class='ocrx_word' id='word_1_99' title='bbox 611 2148 840 2248; x_wconf 86' lang='lat' dir='ltr'><strong>sollicitusque</strong></span> <span class='ocrx_word' id='word_1_100' title='bbox 854 2165 958 2244; x_wconf 87' lang='lat' dir='ltr'><strong>roget.</strong></span> 
     </span>
     <span class='ocr_line' id='line_1_17' title="bbox 166 2266 1205 2374; baseline -0.003 -25"><span class='ocrx_word' id='word_1_101' title='bbox 166 2276 314 2374; x_wconf 85' lang='lat' dir='ltr'><strong>Postque</strong></span> <span class='ocrx_word' id='word_1_102' title='bbox 330 2271 463 2345; x_wconf 89' lang='lat' dir='ltr'><strong>brevem</strong></span> <span class='ocrx_word' id='word_1_103' title='bbox 478 2266 622 2341; x_wconf 89' lang='lat' dir='ltr'><strong>rescribe</strong></span> <span class='ocrx_word' id='word_1_104' title='bbox 640 2292 768 2341; x_wconf 90' lang='lat' dir='ltr'><strong>moram</strong></span> <span class='ocrx_word' id='word_1_105' title='bbox 782 2295 790 2337; x_wconf 91' lang='lat'>:</span> <span class='ocrx_word' id='word_1_106' title='bbox 805 2292 900 2339; x_wconf 91' lang='lat' dir='ltr'><strong>mora</strong></span> <span class='ocrx_word' id='word_1_107' title='bbox 915 2292 1043 2367; x_wconf 86' lang='lat' dir='ltr'><strong>semper</strong></span> <span class='ocrx_word' id='word_1_108' title='bbox 1059 2286 1205 2346; x_wconf 86' lang='lat' dir='ltr'><strong>amantes</strong></span> 
     </span>
    </p>
   </div>
   <div class='ocr_carea' id='block_1_4' title="bbox 70 2379 1230 2712">
    <p class='ocr_par' dir='ltr' id='par_1_4' title="bbox 70 2379 1230 2712">
     <span class='ocr_line' id='line_1_18' title="bbox 212 2379 965 2481; baseline -0.013 -17"><span class='ocrx_word' id='word_1_109' title='bbox 212 2391 348 2475; x_wconf 83' lang='lat' dir='ltr'><strong>Incitat,</strong></span> <span class='ocrx_word' id='word_1_110' title='bbox 365 2386 521 2479; x_wconf 85' lang='lat' dir='ltr'><strong>exiguum</strong></span> <span class='ocrx_word' id='word_1_111' title='bbox 538 2382 566 2456; x_wconf 94' lang='lat' dir='ltr'><strong>si</strong></span> <span class='ocrx_word' id='word_1_112' title='bbox 584 2383 685 2456; x_wconf 86' lang='lat' dir='ltr'><strong>modo</strong></span> <span class='ocrx_word' id='word_1_113' title='bbox 705 2398 837 2481; x_wconf 90' lang='lat' dir='ltr'><strong>tempus</strong></span> <span class='ocrx_word' id='word_1_114' title='bbox 853 2379 965 2455; x_wconf 84' lang='lat' dir='ltr'><strong>habet.</strong></span> 
     </span>
     <span class='ocr_line' id='line_1_19' title="bbox 70 2493 1230 2601; baseline -0.01 -22"><span class='ocrx_word' id='word_1_115' title='bbox 70 2535 74 2542; x_wconf 94' lang='lat'>·</span> <span class='ocrx_word' id='word_1_116' title='bbox 165 2503 232 2579; x_wconf 74' lang='lat' dir='ltr'><strong>sed</strong></span> <span class='ocrx_word' id='word_1_117' title='bbox 247 2528 354 2601; x_wconf 87' lang='lat' dir='ltr'><strong>neque</strong></span> <span class='ocrx_word' id='word_1_118' title='bbox 373 2515 404 2570; x_wconf 92' lang='lat' dir='ltr'><strong>te</strong></span> <span class='ocrx_word' id='word_1_119' title='bbox 421 2493 548 2570; x_wconf 85' lang='lat' dir='ltr'><strong>facilem</strong></span> <span class='ocrx_word' id='word_1_120' title='bbox 561 2495 674 2594; x_wconf 87' lang='lat' dir='ltr'><strong>juveni</strong></span> <span class='ocrx_word' id='word_1_121' title='bbox 691 2494 847 2597; x_wconf 91' lang='lat' dir='ltr'><strong>promitte</strong></span> <span class='ocrx_word' id='word_1_122' title='bbox 862 2496 1016 2593; x_wconf 80' lang='lat' dir='ltr'><strong>roganti:</strong></span> <span class='ocrx_word' id='word_1_123' title='bbox 1179 2523 1230 2593; x_wconf 74' lang='lat'><strong>⁴75</strong></span> 
     </span>
     <span class='ocr_line' id='line_1_20' title="bbox 214 2610 961 2712; baseline -0.009 -21"><span class='ocrx_word' id='word_1_124' title='bbox 214 2620 284 2691; x_wconf 83' lang='lat' dir='ltr'><strong>Nec</strong></span> <span class='ocrx_word' id='word_1_125' title='bbox 300 2633 408 2688; x_wconf 88' lang='lat' dir='ltr'><strong>tamen</strong></span> <span class='ocrx_word' id='word_1_126' title='bbox 428 2610 550 2700; x_wconf 91' lang='lat' dir='ltr'><strong>eduro,</strong></span> <span class='ocrx_word' id='word_1_127' title='bbox 568 2611 660 2710; x_wconf 89' lang='lat' dir='ltr'><strong>quod</strong></span> <span class='ocrx_word' id='word_1_128' title='bbox 676 2613 776 2712; x_wconf 86' lang='lat' dir='ltr'><strong>petit,</strong></span> <span class='ocrx_word' id='word_1_129' title='bbox 794 2641 851 2686; x_wconf 85' lang='lat' dir='ltr'><strong>ore</strong></span> <span class='ocrx_word' id='word_1_130' title='bbox 868 2639 961 2708; x_wconf 87' lang='lat' dir='ltr'><strong>nega.</strong></span> 
     </span>
    </p>
   </div>
   <div class='ocr_carea' id='block_1_5' title="bbox 115 2785 1236 4187">
    <p class='ocr_par' dir='ltr' id='par_1_5' title="bbox 115 2785 1236 4187">
     <span class='ocr_line' id='line_1_21' title="bbox 199 2785 1231 2859; baseline 0.002 -15"><span class='ocrx_word' id='word_1_131' title='bbox 199 2790 255 2858; x_wconf 66' lang='lat' dir='ltr'><strong>thr.</strong></span> <span class='ocrx_word' id='word_1_132' title='bbox 263 2789 358 2843; x_wconf 81' lang='lat' dir='ltr'><strong>Sr&#39;bene</strong></span> <span class='ocrx_word' id='word_1_133' title='bbox 363 2790 514 2853; x_wconf 72' lang='lat' dir='ltr'><strong>promittent.</strong></span> <span class='ocrx_word' id='word_1_134' title='bbox 524 2787 679 2838; x_wconf 73' lang='lat' dir='ltr'><strong>Promittant</strong></span> <span class='ocrx_word' id='word_1_135' title='bbox 724 2785 866 2857; x_wconf 80' lang='lat' dir='ltr'><strong>quominus</strong></span> <span class='ocrx_word' id='word_1_136' title='bbox 875 2785 966 2840; x_wconf 84' lang='lat' dir='ltr'><strong>ancilla</strong></span> <span class='ocrx_word' id='word_1_137' title='bbox 975 2785 1045 2840; x_wconf 79' lang='lat' dir='ltr'><strong>illam</strong></span> <span class='ocrx_word' id='word_1_138' title='bbox 1053 2787 1174 2859; x_wconf 61' lang='lat' dir='ltr'><strong>accipian</strong></span> <span class='ocrx_word' id='word_1_139' title='bbox 1184 2788 1231 2847; x_wconf 81' lang='lat' dir='ltr'><strong>sed</strong></span> 
     </span>
     <span class='ocr_line' id='line_1_22' title="bbox 168 2862 1230 2940; baseline 0.003 -19"><span class='ocrx_word' id='word_1_140' title='bbox 168 2868 274 2940; x_wconf 84' lang='lat' dir='ltr'><strong>quidam</strong></span> <span class='ocrx_word' id='word_1_141' title='bbox 279 2884 310 2919; x_wconf 84' lang='lat' dir='ltr'><strong>er</strong></span> <span class='ocrx_word' id='word_1_142' title='bbox 315 2862 677 2931; x_wconf 75' lang='lat' dir='ltr'><strong>melioribomliipronatttunt.</strong></span> <span class='ocrx_word' id='word_1_143' title='bbox 724 2872 752 2916; x_wconf 87' lang='lat' dir='ltr'><strong>tu</strong></span> <span class='ocrx_word' id='word_1_144' title='bbox 765 2874 838 2918; x_wconf 66' lang='lat' dir='ltr'><strong>caum</strong></span> <span class='ocrx_word' id='word_1_145' title='bbox 850 2875 938 2917; x_wconf 85' lang='lat' dir='ltr'><strong>tecum</strong></span> <span class='ocrx_word' id='word_1_146' title='bbox 947 2864 1044 2934; x_wconf 83' lang='lat' dir='ltr'><strong>inspice</strong></span> <span class='ocrx_word' id='word_1_147' title='bbox 1056 2876 1083 2920; x_wconf 89' lang='lat' dir='ltr'><strong>et</strong></span> <span class='ocrx_word' id='word_1_148' title='bbox 1095 2869 1230 2936; x_wconf 80' lang='lat' dir='ltr'><strong>examina,</strong></span> 
     </span>
     <span class='ocr_line' id='line_1_23' title="bbox 199 2941 1232 3013; baseline 0.002 -15"><span class='ocrx_word' id='word_1_149' title='bbox 199 2946 255 3013; x_wconf 75' lang='lat'><strong>456.</strong></span> <span class='ocrx_word' id='word_1_150' title='bbox 274 2945 386 3010; x_wconf 82' lang='lat' dir='ltr'><strong>Accepto</strong></span> <span class='ocrx_word' id='word_1_151' title='bbox 406 2946 522 2996; x_wconf 79' lang='lat' dir='ltr'><strong>Venerem</strong></span> <span class='ocrx_word' id='word_1_152' title='bbox 540 2960 637 2994; x_wconf 74' lang='lat' dir='ltr'><strong>munere</strong></span> <span class='ocrx_word' id='word_1_153' title='bbox 650 2945 678 2993; x_wconf 84' lang='lat' dir='ltr'><strong>si</strong></span> <span class='ocrx_word' id='word_1_154' title='bbox 723 2960 757 2995; x_wconf 79' lang='lat' dir='ltr'><strong>au</strong></span> <span class='ocrx_word' id='word_1_155' title='bbox 771 2941 903 2995; x_wconf 82' lang='lat' dir='ltr'><strong>exanimo</strong></span> <span class='ocrx_word' id='word_1_156' title='bbox 918 2950 1000 3010; x_wconf 76' lang='lat' dir='ltr'><strong>roget,</strong></span> <span class='ocrx_word' id='word_1_157' title='bbox 1021 2962 1054 2996; x_wconf 86' lang='lat' dir='ltr'><strong>an</strong></span> <span class='ocrx_word' id='word_1_158' title='bbox 1068 2963 1131 2998; x_wconf 82' lang='lat' dir='ltr'><strong>vero</strong></span> <span class='ocrx_word' id='word_1_159' title='bbox 1143 2947 1232 3000; x_wconf 86' lang='lat' dir='ltr'><strong>simu-</strong></span> 
     </span>
     <span class='ocr_line' id='line_1_24' title="bbox 168 3017 1232 3094; baseline 0.004 -20"><span class='ocrx_word' id='word_1_160' title='bbox 168 3041 217 3090; x_wconf 70' lang='grc' dir='ltr'><strong>μα</strong></span> <span class='ocrx_word' id='word_1_161' title='bbox 232 3028 314 3088; x_wconf 75' lang='lat' dir='ltr'><strong>negat.</strong></span> <span class='ocrx_word' id='word_1_162' title='bbox 334 3020 381 3074; x_wconf 86' lang='lat' dir='ltr'><strong>sui</strong></span> <span class='ocrx_word' id='word_1_163' title='bbox 398 3037 503 3071; x_wconf 84' lang='lat' dir='ltr'><strong>memor</strong></span> <span class='ocrx_word' id='word_1_164' title='bbox 520 3028 612 3089; x_wconf 84' lang='lat' dir='ltr'><strong>poeta,</strong></span> <span class='ocrx_word' id='word_1_165' title='bbox 630 3017 675 3086; x_wconf 92' lang='lat' dir='ltr'><strong>qui</strong></span> <span class='ocrx_word' id='word_1_166' title='bbox 722 3018 766 3072; x_wconf 90' lang='lat' dir='ltr'><strong>let.</strong></span> <span class='ocrx_word' id='word_1_167' title='bbox 783 3022 873 3072; x_wconf 72' lang='lat' dir='ltr'><strong>Flam</strong></span> <span class='ocrx_word' id='word_1_168' title='bbox 889 3029 978 3072; x_wconf 78' lang='lat' dir='ltr'><strong>autem</strong></span> <span class='ocrx_word' id='word_1_169' title='bbox 993 3018 1092 3076; x_wconf 77' lang='lat' dir='ltr'><strong>tabellae</strong></span> <span class='ocrx_word' id='word_1_170' title='bbox 1111 3024 1232 3094; x_wconf 81' lang='lat' dir='ltr'><strong>proprie,</strong></span> 
     </span>
     <span class='ocr_line' id='line_1_25' title="bbox 167 3095 1233 3168; baseline 0.005 -15"><span class='ocrx_word' id='word_1_171' title='bbox 167 3099 243 3153; x_wconf 88' lang='lat' dir='ltr'><strong>initio</strong></span> <span class='ocrx_word' id='word_1_172' title='bbox 255 3097 341 3167; x_wconf 88' lang='lat' dir='ltr'><strong>operis</strong></span> <span class='ocrx_word' id='word_1_173' title='bbox 359 3097 511 3161; x_wconf 83' lang='lat' dir='ltr'><strong>Matronas,</strong></span> <span class='ocrx_word' id='word_1_174' title='bbox 534 3095 676 3166; x_wconf 78' lang='lat' dir='ltr'><strong>Virgines·</strong></span> <span class='ocrx_word' id='word_1_175' title='bbox 723 3109 753 3154; x_wconf 88' lang='lat' dir='ltr'><strong>ut</strong></span> <span class='ocrx_word' id='word_1_176' title='bbox 763 3117 828 3151; x_wconf 79' lang='lat' dir='ltr'><strong>rasa</strong></span> <span class='ocrx_word' id='word_1_177' title='bbox 840 3099 882 3152; x_wconf 82' lang='lat' dir='ltr'><strong>lib</strong></span> <span class='ocrx_word' id='word_1_178' title='bbox 895 3098 924 3165; x_wconf 90' lang='lat' dir='ltr'><strong>l,</strong></span> <span class='ocrx_word' id='word_1_179' title='bbox 937 3099 984 3168; x_wconf 74' lang='lat'><strong>437</strong></span> <span class='ocrx_word' id='word_1_180' title='bbox 996 3117 1002 3151; x_wconf 91' lang='lat'><strong>:</strong></span> <span class='ocrx_word' id='word_1_181' title='bbox 1013 3100 1074 3168; x_wconf 83' lang='lat' dir='ltr'><strong>quia</strong></span> <span class='ocrx_word' id='word_1_182' title='bbox 1085 3120 1151 3156; x_wconf 80' lang='lat' dir='ltr'><strong>certe</strong></span> <span class='ocrx_word' id='word_1_183' title='bbox 1159 3122 1233 3157; x_wconf 88' lang='lat' dir='ltr'><strong>com·</strong></span> 
     </span>
     <span class='ocr_line' id='line_1_26' title="bbox 168 3172 1230 3247; baseline 0.006 -18"><span class='ocrx_word' id='word_1_184' title='bbox 168 3196 219 3247; x_wconf 88' lang='lat' dir='ltr'><strong>que</strong></span> <span class='ocrx_word' id='word_1_185' title='bbox 228 3177 498 3245; x_wconf 85' lang='lat' dir='ltr'><strong>ingenuasmonuerat</strong></span> <span class='ocrx_word' id='word_1_186' title='bbox 505 3172 593 3242; x_wconf 84' lang='lat' dir='ltr'><strong>procul</strong></span> <span class='ocrx_word' id='word_1_187' title='bbox 601 3173 677 3225; x_wconf 80' lang='lat' dir='ltr'><strong>ahes-</strong></span> <span class='ocrx_word' id='word_1_188' title='bbox 704 3195 706 3199; x_wconf 54' lang='lat'><strong><em>⁴</em></strong></span> <span class='ocrx_word' id='word_1_189' title='bbox 723 3177 834 3244; x_wconf 65' lang='lat' dir='ltr'><strong>planata</strong></span> <span class='ocrx_word' id='word_1_190' title='bbox 846 3174 925 3228; x_wconf 85' lang='lat' dir='ltr'><strong>verba</strong></span> <span class='ocrx_word' id='word_1_191' title='bbox 936 3175 1161 3242; x_wconf 77' lang='lat' dir='ltr'><strong>inscribebantur;</strong></span> <span class='ocrx_word' id='word_1_192' title='bbox 1181 3182 1230 3236; x_wconf 88' lang='lat' dir='ltr'><strong>nisi</strong></span> 
     </span>
     <span class='ocr_line' id='line_1_27' title="bbox 168 3248 1232 3326; baseline 0.008 -20"><span class='ocrx_word' id='word_1_193' title='bbox 168 3264 243 3318; x_wconf 87' lang='lat' dir='ltr'><strong>sent,</strong></span> <span class='ocrx_word' id='word_1_194' title='bbox 260 3251 352 3321; x_wconf 82' lang='lat' dir='ltr'><strong>saepius</strong></span> <span class='ocrx_word' id='word_1_195' title='bbox 371 3251 459 3304; x_wconf 89' lang='lat' dir='ltr'><strong>innuit</strong></span> <span class='ocrx_word' id='word_1_196' title='bbox 471 3251 541 3302; x_wconf 84' lang='lat' dir='ltr'><strong>inter</strong></span> <span class='ocrx_word' id='word_1_197' title='bbox 556 3248 675 3303; x_wconf 80' lang='lat' dir='ltr'><strong>eundum</strong></span> <span class='ocrx_word' id='word_1_198' title='bbox 724 3253 812 3306; x_wconf 83' lang='lat' dir='ltr'><strong>verior</strong></span> <span class='ocrx_word' id='word_1_199' title='bbox 827 3254 905 3306; x_wconf 84' lang='lat' dir='ltr'><strong>lectio</strong></span> <span class='ocrx_word' id='word_1_200' title='bbox 920 3253 970 3320; x_wconf 87' lang='lat' dir='ltr'><strong>sit,</strong></span> <span class='ocrx_word' id='word_1_201' title='bbox 985 3258 1084 3323; x_wconf 78' lang='lat' dir='ltr'><strong>plear&#39;s,</strong></span> <span class='ocrx_word' id='word_1_202' title='bbox 1106 3258 1177 3326; x_wconf 89' lang='lat' dir='ltr'><strong>quod</strong></span> <span class='ocrx_word' id='word_1_203' title='bbox 1200 3279 1232 3314; x_wconf 81' lang='lat' dir='ltr'><strong>ex</strong></span> 
     </span>
     <span class='ocr_line' id='line_1_28' title="bbox 168 3326 1233 3402; baseline 0.008 -18"><span class='ocrx_word' id='word_1_204' title='bbox 168 3331 217 3385; x_wconf 85' lang='lat' dir='ltr'><strong>sibi</strong></span> <span class='ocrx_word' id='word_1_205' title='bbox 230 3350 287 3383; x_wconf 88' lang='lat' dir='ltr'><strong>rem</strong></span> <span class='ocrx_word' id='word_1_206' title='bbox 300 3349 353 3383; x_wconf 83' lang='lat' dir='ltr'><strong>esse</strong></span> <span class='ocrx_word' id='word_1_207' title='bbox 367 3344 427 3383; x_wconf 86' lang='lat' dir='ltr'><strong>rum</strong></span> <span class='ocrx_word' id='word_1_208' title='bbox 440 3328 488 3381; x_wconf 85' lang='lat' dir='ltr'><strong>illis</strong></span> <span class='ocrx_word' id='word_1_209' title='bbox 500 3328 592 3394; x_wconf 85' lang='lat' dir='ltr'><strong>unire,</strong></span> <span class='ocrx_word' id='word_1_210' title='bbox 614 3326 674 3396; x_wconf 77' lang='lat' dir='ltr'><strong>q&#39;ui-</strong></span> <span class='ocrx_word' id='word_1_211' title='bbox 723 3330 836 3398; x_wconf 79' lang='lat' dir='ltr'><strong>vestigiis</strong></span> <span class='ocrx_word' id='word_1_212' title='bbox 850 3341 890 3385; x_wconf 73' lang='grc' dir='ltr'><strong>τοῦ</strong></span> <span class='ocrx_word' id='word_1_213' title='bbox 908 3335 1001 3384; x_wconf 80' lang='lat' dir='ltr'><strong>atr&#39;em&#39;s</strong></span> <span class='ocrx_word' id='word_1_214' title='bbox 1017 3333 1058 3386; x_wconf 82' lang='lat' dir='ltr'><strong>vel</strong></span> <span class='ocrx_word' id='word_1_215' title='bbox 1071 3338 1183 3402; x_wconf 67' lang='lat' dir='ltr'><strong>atiena,</strong></span> <span class='ocrx_word' id='word_1_216' title='bbox 1202 3350 1233 3393; x_wconf 85' lang='lat' dir='ltr'><strong>ut</strong></span> 
     </span>
     <span class='ocr_line' id='line_1_29' title="bbox 115 3403 1230 3481; baseline 0.007 -19"><span class='ocrx_word' id='word_1_217' title='bbox 115 3403 118 3409; x_wconf 47' lang='lat'>¹</span> <span class='ocrx_word' id='word_1_218' title='bbox 167 3409 217 3463; x_wconf 90' lang='lat' dir='ltr'><strong>bus</strong></span> <span class='ocrx_word' id='word_1_219' title='bbox 231 3408 295 3461; x_wconf 87' lang='lat' dir='ltr'><strong>nihil</strong></span> <span class='ocrx_word' id='word_1_220' title='bbox 309 3407 378 3460; x_wconf 88' lang='lat' dir='ltr'><strong>aliud</strong></span> <span class='ocrx_word' id='word_1_221' title='bbox 390 3427 431 3460; x_wconf 89' lang='lat' dir='ltr'><strong>res</strong></span> <span class='ocrx_word' id='word_1_222' title='bbox 443 3408 580 3471; x_wconf 72' lang='lat' dir='ltr'><strong>Veneres,</strong></span> <span class='ocrx_word' id='word_1_223' title='bbox 596 3421 676 3474; x_wconf 80' lang='lat' dir='ltr'><strong>quam</strong></span> <span class='ocrx_word' id='word_1_224' title='bbox 724 3408 831 3477; x_wconf 84' lang='lat' dir='ltr'><strong>quidam</strong></span> <span class='ocrx_word' id='word_1_225' title='bbox 839 3407 940 3460; x_wconf 81' lang='lat' dir='ltr'><strong>codices</strong></span> <span class='ocrx_word' id='word_1_226' title='bbox 947 3407 1059 3476; x_wconf 83' lang='lat' dir='ltr'><strong>babent,</strong></span> <span class='ocrx_word' id='word_1_227' title='bbox 1072 3424 1158 3481; x_wconf 79' lang='lat' dir='ltr'><strong>posset</strong></span> <span class='ocrx_word' id='word_1_228' title='bbox 1168 3435 1230 3470; x_wconf 88' lang='lat' dir='ltr'><strong>eon·</strong></span> 
     </span>
     <span class='ocr_line' id='line_1_30' title="bbox 168 3482 1233 3563; baseline 0.006 -23"><span class='ocrx_word' id='word_1_229' title='bbox 168 3486 301 3559; x_wconf 85' lang='lat' dir='ltr'><strong>quoddam</strong></span> <span class='ocrx_word' id='word_1_230' title='bbox 313 3497 466 3539; x_wconf 77' lang='lat' dir='ltr'><strong>mercaturae</strong></span> <span class='ocrx_word' id='word_1_231' title='bbox 477 3502 558 3554; x_wconf 84' lang='lat' dir='ltr'><strong>genus</strong></span> <span class='ocrx_word' id='word_1_232' title='bbox 568 3494 595 3536; x_wconf 78' lang='lat' dir='ltr'><strong>ct</strong></span> <span class='ocrx_word' id='word_1_233' title='bbox 603 3482 676 3536; x_wconf 84' lang='lat' dir='ltr'><strong>lurri·</strong></span> <span class='ocrx_word' id='word_1_234' title='bbox 724 3485 780 3553; x_wconf 68' lang='lat' dir='ltr'><strong>itai,</strong></span> <span class='ocrx_word' id='word_1_235' title='bbox 794 3494 821 3537; x_wconf 86' lang='lat' dir='ltr'><strong>et</strong></span> <span class='ocrx_word' id='word_1_236' title='bbox 829 3483 971 3554; x_wconf 83' lang='lat' dir='ltr'><strong>Epistolam</strong></span> <span class='ocrx_word' id='word_1_237' title='bbox 980 3485 1105 3558; x_wconf 86' lang='lat' dir='ltr'><strong>intelligat</strong></span> <span class='ocrx_word' id='word_1_238' title='bbox 1115 3500 1168 3544; x_wconf 88' lang='lat' dir='ltr'><strong>tam</strong></span> <span class='ocrx_word' id='word_1_239' title='bbox 1176 3493 1233 3563; x_wconf 85' lang='lat' dir='ltr'><strong>ple-</strong></span> 
     </span>
     <span class='ocr_line' id='line_1_31' title="bbox 146 3562 1232 3645; baseline 0.013 -29"><span class='ocrx_word' id='word_1_240' title='bbox 146 3594 149 3601; x_wconf 91' lang='lat'><em>·</em></span> <span class='ocrx_word' id='word_1_241' title='bbox 199 3567 257 3639; x_wconf 70' lang='lat'><strong>469.</strong></span> <span class='ocrx_word' id='word_1_242' title='bbox 274 3566 399 3639; x_wconf 66' lang='lat' dir='ltr'><strong>Abiegmt</strong></span> <span class='ocrx_word' id='word_1_243' title='bbox 409 3569 504 3629; x_wconf 75' lang='lat' dir='ltr'><strong>scripta</strong></span> <span class='ocrx_word' id='word_1_244' title='bbox 521 3567 629 3616; x_wconf 65' lang='lat' dir='ltr'><strong>tateltrt.</strong></span> <span class='ocrx_word' id='word_1_245' title='bbox 643 3562 676 3615; x_wconf 90' lang='lat' dir='ltr'><strong>ln</strong></span> <span class='ocrx_word' id='word_1_246' title='bbox 724 3586 802 3635; x_wconf 88' lang='lat' dir='ltr'><strong>nam,</strong></span> <span class='ocrx_word' id='word_1_247' title='bbox 820 3566 1232 3645; x_wconf 83' lang='lat' dir='ltr'><strong>qualemlib.l,Am.Eleg.11,</strong></span> 
     </span>
     <span class='ocr_line' id='line_1_32' title="bbox 168 3645 1232 3714; baseline 0.006 -13"><span class='ocrx_word' id='word_1_248' title='bbox 168 3647 297 3701; x_wconf 84' lang='lat' dir='ltr'><strong>Vaticano</strong></span> <span class='ocrx_word' id='word_1_249' title='bbox 314 3655 369 3698; x_wconf 86' lang='lat' dir='ltr'><strong>crat</strong></span> <span class='ocrx_word' id='word_1_250' title='bbox 379 3683 387 3709; x_wconf 92' lang='lat'><strong>,</strong></span> <span class='ocrx_word' id='word_1_251' title='bbox 396 3647 483 3709; x_wconf 78' lang='lat' dir='ltr'><strong>ptam&#39;s</strong></span> <span class='ocrx_word' id='word_1_252' title='bbox 498 3646 618 3706; x_wconf 78' lang='lat' dir='ltr'><strong>inscripta</strong></span> <span class='ocrx_word' id='word_1_253' title='bbox 629 3648 676 3693; x_wconf 89' lang='lat' dir='ltr'><strong>ta·</strong></span> <span class='ocrx_word' id='word_1_254' title='bbox 725 3664 748 3696; x_wconf 81' lang='lat' dir='ltr'><strong>r.</strong></span> <span class='ocrx_word' id='word_1_255' title='bbox 759 3663 802 3704; x_wconf 75' lang='lat' dir='ltr'><strong>so,</strong></span> <span class='ocrx_word' id='word_1_256' title='bbox 815 3656 843 3697; x_wconf 80' lang='lat' dir='ltr'><strong>rt</strong></span> <span class='ocrx_word' id='word_1_257' title='bbox 853 3645 1034 3714; x_wconf 78' lang='lat' dir='ltr'><strong>sequentihus,</strong></span> <span class='ocrx_word' id='word_1_258' title='bbox 1047 3648 1093 3701; x_wconf 86' lang='lat' dir='ltr'><strong>sibi</strong></span> <span class='ocrx_word' id='word_1_259' title='bbox 1107 3651 1139 3704; x_wconf 89' lang='lat' dir='ltr'><strong>ah</strong></span> <span class='ocrx_word' id='word_1_260' title='bbox 1150 3655 1232 3709; x_wconf 74' lang='lat' dir='ltr'><strong>amica</strong></span> 
     </span>
     <span class='ocr_line' id='line_1_33' title="bbox 167 3718 1154 3792; baseline 0.005 -15"><span class='ocrx_word' id='word_1_261' title='bbox 167 3727 248 3777; x_wconf 76' lang='lat' dir='ltr'><strong>bellis.</strong></span> <span class='ocrx_word' id='word_1_262' title='bbox 264 3724 362 3777; x_wconf 82' lang='lat' dir='ltr'><strong>Sensus</strong></span> <span class='ocrx_word' id='word_1_263' title='bbox 377 3731 465 3774; x_wconf 81' lang='lat' dir='ltr'><strong>autern</strong></span> <span class='ocrx_word' id='word_1_264' title='bbox 480 3718 583 3772; x_wconf 80' lang='lat' dir='ltr'><strong>videtur</strong></span> <span class='ocrx_word' id='word_1_265' title='bbox 594 3739 678 3788; x_wconf 83' lang='lat' dir='ltr'><strong>erpe-</strong></span> <span class='ocrx_word' id='word_1_266' title='bbox 725 3741 773 3792; x_wconf 88' lang='lat' dir='ltr'><strong>per</strong></span> <span class='ocrx_word' id='word_1_267' title='bbox 784 3723 877 3792; x_wconf 79' lang='lat' dir='ltr'><strong>Napen</strong></span> <span class='ocrx_word' id='word_1_268' title='bbox 890 3725 954 3792; x_wconf 85' lang='lat' dir='ltr'><strong>petit</strong></span> <span class='ocrx_word' id='word_1_269' title='bbox 968 3724 1044 3779; x_wconf 87' lang='lat' dir='ltr'><strong>mitti.</strong></span> <span class='ocrx_word' id='word_1_270' title='bbox 1056 3727 1154 3783; x_wconf 80' lang='lat' dir='ltr'><strong>Buust.</strong></span> 
     </span>
     <span class='ocr_line' id='line_1_34' title="bbox 167 3798 1232 3869; baseline 0 -13"><span class='ocrx_word' id='word_1_271' title='bbox 167 3803 267 3869; x_wconf 83' lang='lat' dir='ltr'><strong>ditior,</strong></span> <span class='ocrx_word' id='word_1_272' title='bbox 278 3804 297 3856; x_wconf 87' lang='lat' dir='ltr'><strong>si</strong></span> <span class='ocrx_word' id='word_1_273' title='bbox 308 3799 515 3866; x_wconf 81' lang='lat' dir='ltr'><strong>subintelligatur</strong></span> <span class='ocrx_word' id='word_1_274' title='bbox 525 3804 562 3855; x_wconf 87' lang='lat' dir='ltr'><strong>sr&#39;.</strong></span> <span class='ocrx_word' id='word_1_275' title='bbox 575 3809 604 3851; x_wconf 89' lang='lat' dir='ltr'><strong>ut</strong></span> <span class='ocrx_word' id='word_1_276' title='bbox 616 3798 676 3850; x_wconf 88' lang='lat' dir='ltr'><strong>mil·</strong></span> <span class='ocrx_word' id='word_1_277' title='bbox 759 3801 814 3868; x_wconf 77' lang='lat'><strong>472.</strong></span> <span class='ocrx_word' id='word_1_278' title='bbox 837 3802 1012 3868; x_wconf 63' lang='lat' dir='ltr'><strong>&amp;tacitusque</strong></span> <span class='ocrx_word' id='word_1_279' title='bbox 1033 3811 1107 3869; x_wconf 74' lang='lat' dir='ltr'><strong>roget.</strong></span> <span class='ocrx_word' id='word_1_280' title='bbox 1128 3805 1232 3864; x_wconf 66' lang='lat' dir='ltr'><strong>Dubia,</strong></span> 
     </span>
     <span class='ocr_line' id='line_1_35' title="bbox 167 3876 1102 3944; baseline 0.003 -11"><span class='ocrx_word' id='word_1_281' title='bbox 167 3881 214 3936; x_wconf 86' lang='lat' dir='ltr'><strong>lies</strong></span> <span class='ocrx_word' id='word_1_282' title='bbox 226 3882 291 3937; x_wconf 89' lang='lat' dir='ltr'><strong>solet</strong></span> <span class='ocrx_word' id='word_1_283' title='bbox 303 3883 418 3935; x_wconf 87' lang='lat' dir='ltr'><strong>Noster:</strong></span> <span class='ocrx_word' id='word_1_284' title='bbox 434 3879 455 3932; x_wconf 88' lang='lat' dir='ltr'><strong>si</strong></span> <span class='ocrx_word' id='word_1_285' title='bbox 468 3887 569 3931; x_wconf 80' lang='lat' dir='ltr'><strong>amator</strong></span> <span class='ocrx_word' id='word_1_286' title='bbox 580 3876 677 3929; x_wconf 84' lang='lat' dir='ltr'><strong>vadum</strong></span> <span class='ocrx_word' id='word_1_287' title='bbox 724 3877 836 3944; x_wconf 84' lang='lat' dir='ltr'><strong>seilicet,</strong></span> <span class='ocrx_word' id='word_1_288' title='bbox 850 3897 884 3930; x_wconf 85' lang='lat' dir='ltr'><strong>an</strong></span> <span class='ocrx_word' id='word_1_289' title='bbox 897 3879 931 3932; x_wconf 89' lang='lat' dir='ltr'><strong>sis</strong></span> <span class='ocrx_word' id='word_1_290' title='bbox 941 3897 1102 3936; x_wconf 74' lang='lat' dir='ltr'><strong>concessura</strong></span> 
     </span>
     <span class='ocr_line' id='line_1_36' title="bbox 169 3951 1236 4033; baseline 0.008 -23"><span class='ocrx_word' id='word_1_291' title='bbox 169 3969 254 4014; x_wconf 79' lang='lat' dir='ltr'><strong>tentat</strong></span> <span class='ocrx_word' id='word_1_292' title='bbox 260 3961 302 4031; x_wconf 82' lang='lat' dir='ltr'><strong>(ut</strong></span> <span class='ocrx_word' id='word_1_293' title='bbox 309 3959 357 4013; x_wconf 84' lang='lat' dir='ltr'><strong>hoc</strong></span> <span class='ocrx_word' id='word_1_294' title='bbox 364 3964 521 4028; x_wconf 75' lang='lat' dir='ltr'><strong>praeceperat</strong></span> <span class='ocrx_word' id='word_1_295' title='bbox 530 3954 571 4006; x_wconf 92' lang='lat' dir='ltr'><strong>lib.</strong></span> <span class='ocrx_word' id='word_1_296' title='bbox 580 3955 592 4007; x_wconf 94' lang='lat' dir='ltr'><strong>l</strong></span> <span class='ocrx_word' id='word_1_297' title='bbox 599 3993 606 4021; x_wconf 89' lang='lat'><strong>,</strong></span> <span class='ocrx_word' id='word_1_298' title='bbox 616 3951 678 4023; x_wconf 71' lang='lat'><strong>437)</strong></span> <span class='ocrx_word' id='word_1_299' title='bbox 759 3954 815 4025; x_wconf 79' lang='grc'>476.</span> <span class='ocrx_word' id='word_1_300' title='bbox 828 3957 881 4009; x_wconf 82' lang='lat' dir='ltr'><strong>Nec</strong></span> <span class='ocrx_word' id='word_1_301' title='bbox 894 3963 977 4009; x_wconf 76' lang='lat' dir='ltr'><strong>tamen</strong></span> <span class='ocrx_word' id='word_1_302' title='bbox 989 3961 1079 4021; x_wconf 79' lang='lat' dir='ltr'><strong>edura,</strong></span> <span class='ocrx_word' id='word_1_303' title='bbox 1099 3967 1168 4030; x_wconf 76' lang='lat' dir='ltr'><strong>quod</strong></span> <span class='ocrx_word' id='word_1_304' title='bbox 1168 3972 1236 4033; x_wconf 77' lang='lat' dir='ltr'><strong>petit</strong></span> 
     </span>
     <span class='ocr_line' id='line_1_37' title="bbox 169 4031 1232 4108; baseline 0.008 -20"><span class='ocrx_word' id='word_1_305' title='bbox 169 4056 217 4107; x_wconf 84' lang='lat' dir='ltr'><strong>per</strong></span> <span class='ocrx_word' id='word_1_306' title='bbox 229 4039 383 4108; x_wconf 83' lang='lat' dir='ltr'><strong>epistolam,</strong></span> <span class='ocrx_word' id='word_1_307' title='bbox 397 4048 424 4091; x_wconf 86' lang='lat' dir='ltr'><strong>et</strong></span> <span class='ocrx_word' id='word_1_308' title='bbox 434 4033 616 4103; x_wconf 84' lang='lat' dir='ltr'><strong>colloquium,</strong></span> <span class='ocrx_word' id='word_1_309' title='bbox 636 4031 678 4085; x_wconf 80' lang='lat' dir='ltr'><strong>vel</strong></span> <span class='ocrx_word' id='word_1_310' title='bbox 724 4033 784 4096; x_wconf 73' lang='lat' dir='ltr'><strong>We,</strong></span> <span class='ocrx_word' id='word_1_311' title='bbox 804 4051 875 4100; x_wconf 77' lang='lat' dir='ltr'><strong>aega.</strong></span> <span class='ocrx_word' id='word_1_312' title='bbox 893 4035 920 4086; x_wconf 84' lang='lat' dir='ltr'><em>E</em></span> <span class='ocrx_word' id='word_1_313' title='bbox 935 4036 997 4087; x_wconf 81' lang='lat' dir='ltr'><strong>duro</strong></span> <span class='ocrx_word' id='word_1_314' title='bbox 1011 4037 1097 4107; x_wconf 84' lang='lat' dir='ltr'><strong>scripti</strong></span> <span class='ocrx_word' id='word_1_315' title='bbox 1109 4042 1232 4098; x_wconf 84' lang='lat' dir='ltr'><strong>meliores</strong></span> 
     </span>
     <span class='ocr_line' id='line_1_38' title="bbox 174 4109 1234 4187; baseline 0.008 -19"><span class='ocrx_word' id='word_1_316' title='bbox 174 4116 255 4170; x_wconf 84' lang='lat' dir='ltr'><strong>etiarn</strong></span> <span class='ocrx_word' id='word_1_317' title='bbox 269 4129 374 4171; x_wconf 84' lang='lat' dir='ltr'><strong>noctem</strong></span> <span class='ocrx_word' id='word_1_318' title='bbox 392 4123 485 4186; x_wconf 85' lang='lat' dir='ltr'><strong>rogat,</strong></span> <span class='ocrx_word' id='word_1_319' title='bbox 506 4131 541 4165; x_wconf 84' lang='lat' dir='ltr'><strong>ne</strong></span> <span class='ocrx_word' id='word_1_320' title='bbox 554 4109 676 4181; x_wconf 81' lang='lat' dir='ltr'><strong>prohibe,</strong></span> <span class='ocrx_word' id='word_1_321' title='bbox 725 4111 883 4180; x_wconf 76' lang='lat' dir='ltr'><strong>cumprime</strong></span> <span class='ocrx_word' id='word_1_322' title='bbox 895 4110 1011 4168; x_wconf 80' lang='lat' dir='ltr'><strong>editione</strong></span> <span class='ocrx_word' id='word_1_323' title='bbox 1027 4115 1088 4168; x_wconf 85' lang='lat' dir='ltr'><strong>:alii</strong></span> <span class='ocrx_word' id='word_1_324' title='bbox 1099 4119 1234 4187; x_wconf 77' lang='lat' dir='ltr'><strong>quidam</strong></span> 
     </span>
    </p>
   </div>
   <div class='ocr_carea' id='block_1_6' title="bbox 265 4215 1097 4300">
    <p class='ocr_par' dir='ltr' id='par_1_6' title="bbox 265 4215 1097 4300">
     <span class='ocr_line' id='line_1_39' title="bbox 265 4215 1097 4300; baseline 0 -19"><span class='ocrx_word' id='word_1_325' title='bbox 265 4215 321 4282; x_wconf 84' lang='lat'><strong>11.</strong></span> <span class='ocrx_word' id='word_1_326' title='bbox 1052 4217 1097 4300; x_wconf 78' lang='lat'><strong>24</strong></span> 
     </span>
    </p>
   </div>
   <div class='ocr_carea' id='block_1_7' title="bbox 0 0 1408 4702">
    <p class='ocr_par' dir='ltr' id='par_1_7' title="bbox 0 0 1408 4702">
     <span class='ocr_line' id='line_1_40' title="bbox 0 0 1408 4702; baseline 0 0"><span class='ocrx_word' id='word_1_327' title='bbox 0 0 1408 4702; x_wconf 95' lang='lat' dir='ltr'><strong> </strong></span> 
     </span>
    </p>
   </div>
  </div>
 </body>
</html>
