2798 4702
199 319 265 383 208

471 315 515 384 Ρ.Ι
546 311 722 380 OVIDII
754 311 978 382 NASONIS

157 474 162 483 '
246 453 400 537 Rustica3
415 479 475 524 nee
491 450 628 526 viduum
644 467 760 550 pectus
775 454 897 525 amoris
915 453 1026 526 habet

199 571 312 645 Cretes
329 584 426 642 erunt
442 584 558 653 testes;
572 595 633 641 nee
648 566 781 661 fingunt
798 569 910 642 ornnia
926 569 1060 655 Cretes,

247 686 379 770 Cretes,
395 683 522 756 nutrito
541 700 628 757 terra
644 684 788 784 superba
804 686 898 758 Jove.

197 801 288 889 Illic,
302 800 462 875 sideream
477 799 594 872 mundi
612 800 671 900 qui
688 815 848 899 temperat
864 827 989 887 arcem,

246 917 396 1010 Exiguus
415 933 529 989 tenero
544 914 595 988 iae
609 914 702 988 bibit
717 943 773 989 ore
792 943 885 1015 puer.

198 1033 323 1126 Magna
338 1030 421 1105 fides
439 1030 537 1105 testi:
554 1031 648 1105 testis
665 1030 819 1105 laudatur
835 1031 981 1106 alumno.

246 1152 419 1225 Fassuram
438 1149 589 1223 Cererem
605 1149 743 1224 crimina
758 1168 839 1223 nota
855 1169 949 1250 puto.

199 1265 336 1341 Viderat
352 1265 475 1341 Iasium
492 1266 618 1339 Creten
636 1267 722 1340 Diva
739 1267 803 1340 sub
822 1267 881 1340 Ida

248 1390 420 1484 Figentem
436 1405 524 1461 certa
541 1406 633 1483 terga
649 1387 754 1463 serina
772 1417 882 1462 manu.

200 1511 314 1599 Vidit,
331 1528 364 1585 et
381 1527 419 1583 ut
437 1527 555 1583 tenera
570 1509 733 1584 flammam
749 1538 886 1610 rapuere
904 1507 1072 1596 medullam

201 1738 296 1785 rustica
306 1749 314 1782 .·
325 1730 385 1782 licet
395 1728 463 1782 colat
474 1747 549 1799 agros
564 1739 595 1782 ut
605 1735 709 1792 rustici,

201 1821 290 1862 tamen
310 1826 364 1860 non
388 1817 427 1859 est
437 1811 533 1858 rustica
545 1826 552 1858 .·
564 1809 640 1859 habet
648 1810 710 1868 rtta,

201 1888 286 1941 Vatie
298 1897 325 1940 et
336 1886 446 1940 Palatia.
459 1886 568 1956 primus.
578 1886 677 1938 Bou.

237 1967 274 2019 18.
288 1970 402 2020 t‘s'duam.
410 1965 516 2019 Rectius
527 1965 553 2017 in
565 1965 645 2018 MSS.
659 1968 712 2018 Va-

202 2066 282 2100 cuam.
292 2045 371 2098 Mun.
393 2048 514 2105 t‘i‘duum,
530 2044 591 2097 libri
603 2043 712 2114 castiga-

203 2128 282 2180 tiores
301 2143 395 2194 magna
414 2124 507 2193 copia,
526 2142 587 2178 cum
606 2125 712 2178 vetustis

202 2201 370 2256 editionibus.
384 2201 484 2254 Hmts.

239 2297 277 2350 ¹9·
286 2280 447 2347 Necfinfflnt
454 2283 539 2331 omrr'a
548 2279 639 2330 Cretes.
650 2277 711 2332 Non

203 2359 259 2412 sine
268 2377 343 2410 causa
356 2367 493 2426 praecavet,
505 2368 535 2410 ut
547 2356 663 2410 dicendis
675 2356 713 2409 fi-

205 2434 267 2488 dem
281 2445 376 2487 asserat
390 2454 396 2487 :
409 2445 504 2486 notum
514 2435 586 2487 enim
599 2433 662 2487 ittud
675 2445 715 2487 est

205 2535 221 2568 e
235 2513 386 2569 callimach.
399 2514 501 2586 hymno
513 2517 539 2568 in
554 2515 664 2579 Jovem,
678 2516 693 2566 8
707 2534 713 2569 :

205 2604 292 2668 Kpirre
310 2601 358 2649 etet
370 2598 456 2663 deriget
466 2615 473 2657 ;
485 2604 511 2647 et
523 2594 611 2647 minus
623 2592 715 2645 hono-

206 2670 290 2724 randa
299 2671 391 2726 Cereri
401 2684 562 2739 narraturus,
570 2673 628 2727 sacti
638 2683 715 2726 testes

206 2752 378 2822 proterendos
386 2753 522 2806 existimat.
530 2751 663 2806 Cretensis
671 2770 717 2804 au-

206 2840 263 2882 tem
275 2829 363 2882 Iasius.

241 2925 281 2959 no.
301 2907 385 2958 Cretes
403 2911 502 2958 nutrito.
520 2908 591 2958 Crete
605 2907 716 2959 Putean.

210 2987 282 3039 Crete
289 2992 331 3037 est
341 2985 473 3038 Palatinus
481 3004 488 3037 τ
496 2985 542 3038 sed
552 2985 617 3038 nihii
625 3005 717 3038 neces-

206 3083 233 3118 se
245 3083 252 3116 :
265 3060 410 3117 credebant
421 3062 493 3115 enirn
507 3063 620 3130 librarii,
634 3063 718 3114 Cretes

207 3160 263 3193 non
283 3150 353 3193 recte
370 3158 443 3209 posse
461 3159 508 3209 per
527 3140 718 3210 adpositionem

207 3226 298 3271 terram
310 3218 360 3271 dici
371 3238 377 3270 z
390 3217 437 3270 sed
446 3218 483 3273 ita
491 3229 520 3271 et
529 3235 567 3284 tv,
576 3218 642 3270 Met.
650 3216 700 3269 668
710 3236 717 3269 t

207 3303 323 3353 ethiopum
331 3304 414 3354 populos
421 3333 428 3350 ,
436 3303 519 3354 Cepheia
525 3302 621 3352 conspicit
629 3315 674 3340 erra
684 3330 691 3348 ,

112 3394 115 3399 ·
208 3386 238 3429 ut
248 3387 319 3430 recte
332 3376 456 3429 Heinsius
469 3375 618 3441 constituit,
637 3384 663 3428 et
672 3373 718 3426 ubi

209 3452 292 3523 ptura.
304 3453 403 3505 Buris.

231 3532 402 3583 aeditimum
408 3530 628 3582 arcem.Sritereurr
633 3548 714 3589 exem,

209 3610 321 3664 Palatin.
330 3611 410 3678 prior,
421 3610 520 3662 Moreti
529 3608 593 3661 aiter
601 3619 627 3661 et
634 3609 720 3660 Fran-

209 3690 302 3740 cosurt.
314 3686 415 3740 Eadem
428 3686 537 3740 varietas
548 3686 616 3755 apud
627 3684 719 3739 Claud.

210 3766 287 3821 Praer.
301 3767 343 3820 tib.
352 3783 391 3833 11,
405 3765 437 3820 de
452 3767 558 3836 Raptu,
572 3767 621 3818 35:

209 3847 256 3886 riou
263 3850 303 3887 leo
312 3849 396 3887 sidereos
406 3850 447 3887 enti
455 3851 554 3887 rediturus
562 3851 582 3887 ἰι
590 3862 646 3899 ues3

212 3920 258 3971 ubi
270 3920 345 3974 Junii
353 3935 380 3976 et
389 3924 474 3977 Vossii
480 3923 595 3990 codices,
611 3927 721 3977 sidereas

210 4009 289 4050 arces.
307 4000 389 4051 luen.

245 4096 285 4126 aa.
302 4078 417 4144 Err'grus
425 4118 479 4133 .......
487 4102 556 4146 puer.
578 4083 617 4135 Ut
634 4086 721 4134 ambt-

759 1751 834 1799 5rem
846 1734 877 1787 ab
888 1735 998 1800 ambri-o,
1011 1732 1046 1786 sie
1059 1733 1090 1785 ab
1100 1737 1189 1800 esr'go,
1205 1738 1266 1786 αἱ·

758 1828 835 1874 luam
848 1807 941 1870 deduci
953 1809 1015 1862 velit
1028 1810 1151 1872 Vossius;
1164 1811 1213 1877 ita,
1224 1810 1267 1862 in-

761 1884 837 1953 quit,
859 1886 963 1955 proprie
983 1890 1098 1954 err'geum
1120 1888 1171 1953 sit,
1196 1885 1267 1955 quod

758 1962 832 2015 nulio
843 1963 948 2032 negotio
959 1967 1041 2029 eripi,
1051 1964 1157 2031 esi'cr'que
1165 1974 1267 2034 potest:

759 2049 930 2109 perstiteritis
938 2060 1009 2106 vero,
1015 2060 1063 2109 pro
1068 2063 1147 2107 parvo
1156 2063 1269 2113 usurpe-

760 2133 823 2187 tur,
844 2121 904 2190 quia
921 2120 977 2173 hsec
994 2119 1066 2172 tacite
1087 2121 1268 2189 expelluntur,

759 2197 811 2251 sive
825 2198 937 2251 exterius
949 2208 1070 2266 aguntur.

794 2277 833 2342 24.
852 2276 962 2328 Crr‘nu'ra
970 2281 1038 2328 rota.
1048 2277 1141 2326 Nostra
1151 2274 1270 2343 quinque

761 2373 793 2406 er
808 2354 957 2408 melioribus
971 2353 1109 2423 :sequenti
1127 2373 1202 2407 versu
1219 2359 1272 2410 Ia-

761 2437 830 2494 sr'or,
843 2454 911 2488 unus
925 2434 1074 2487 Vaticanus.
1088 2434 1188 2487 Herus.

796 2516 835 2567 25.
850 2517 955 2567 Viderat
960 2515 1110 2566 lasriruretc.
1120 2514 1271 2570 Facithune

763 2590 896 2645 Theocriti
903 2590 1031 2644 scholiast.
1041 2590 1140 2644 Minois
1149 2603 1176 2645 et
1187 2592 1271 2646 Phro-

763 2669 814 2722 nie
826 2668 957 2741 Nympha
969 2669 1061 2721 filiurn.
1074 2669 1115 2722 De
1128 2669 1171 2721 ilio
1183 2671 1272 2722 Hera-

762 2747 1118 2816 did.Altegor.Homeric.:«
1127 2748 1272 2818 lasionqui·

764 2823 824 2876 dam
832 2825 917 2877 fertur
926 2825 1110 2893 agriculturam
1122 2826 1271 2890 excoluisse;

764 2913 880 2971 etquum
888 2903 986 2956 tructus
995 2903 1098 2956 abunde
1109 2924 1139 2956 er
1147 2905 1213 2974 agris
1220 2906 1272 2959 suis

765 2982 907 3050 reciperet,
916 2983 1077 3035 occasionem
1088 2983 1180 3036 tabule
1190 2983 1271 3050 dedit,

764 3069 793 3111 ut
804 3079 819 3112 a
829 3056 927 3113 Cerere
938 3070 1038 3112 amatus
1051 3061 1271 3114 existimaretur.»

765 3137 826 3190 Non
834 3135 903 3190 idem
912 3139 970 3205 ,qui
980 3138 1107 3191 Atalanta
1113 3149 1193 3208 pater.
1202 3140 1273 3211 Hyg.

767 3215 828 3267 Fab.
840 3231 899 3266 [xx.
907 3215 1016 3267 Plutum
1023 3235 1053 3267 ex
1061 3234 1093 3268 eo
1104 3214 1185 3269 Ceres
1194 3226 1274 3281 ,teste

766 3293 1274 3366 Hesiodo‚Theog.969,suseepitsdiurir.

796 3392 835 3439 ³7·
856 3374 954 3424 Tenere
962 3375 1095 3439 stammam
1106 3392 1209 3439 rapuere
1223 3392 1273 3425 rne-

765 3452 846 3501 dutte.
860 3449 928 3501 Mihi
941 3450 1076 3503 venustior
1092 3462 1119 3503 et
1131 3450 1218 3502 verior
1229 3450 1273 3502 ri-

765 3528 845 3582 detur
859 3529 950 3595 tectio,
964 3548 1043 3598 quam
1055 3530 1082 3582 in
1099 3541 1211 3599 quatuor
1224 3548 1273 3582 co-

766 3606 865 3660 dicibus
873 3607 986 3660 MSS.et
995 3608 1117 3661 Editione
1131 3609 1215 3676 prima
1226 3607 1275 3659 de-

766 3686 916 3755 prehendi,
935 3695 1034 3750 teneras
1045 3691 1156 3756 flamme
1174 3706 1276 3752 raperere

766 3770 894 3819 medullas.
906 3769 1004 3834 Rapere
1014 3766 1086 3819 enim
1095 3765 1198 3834 proprie
1208 3765 1276 3833 ignis

767 3855 793 3897 et
801 3843 914 3899 flammae
923 3845 1053 3899 dicuntur.
1064 3844 1135 3911 Eieg.
1142 3861 1217 3912 praec.
1225 3844 1254 3907 tr
1267 3861 1275 3894 t

766 3928 831 3975 Tene,
841 3942 895 3966 sacer
906 3937 972 3976 estes,
981 3927 1062 3966 flamma
1068 3939 1149 3975 rapuere
1157 3926 1237 3973 rogatas.

768 4002 804 4054 Et
821 4002 856 4054 ita
874 4003 966 4071 passim
986 4018 1065 4067 rapat
1081 3998 1164 4068 ignis,
1182 4002 1276 4066 rapr'stae

766 4079 882 4134 damme
890 4119 898 4147 ,
917 4080 1013 4135 Nostro
1025 4087 1051 4129 et
1063 4075 1124 4130 aliis.
1136 4076 1234 4130 Bonis.
