2798 4702
175 334 240 420 aas
457 336 497 400 r.
525 333 709 403 ov1n11
739 331 963 401 uasoms

221 477 290 548 Nee
308 473 441 575 tepidus
458 473 589 574 pluvias
607 474 751 547 eoncitat
768 476 892 548 Auster
907 503 1018 574 aquas.

173 595 259 665 Eece
277 592 341 664 tibi
361 589 495 679 similis,
512 591 571 692 qni
590 591 756 691 quondam
775 590 933 692 Phryxou
950 608 982 664 et
995 589 1120 664 Hellen*
1200 615 1248 684 175

222 709 352 782 Diceris
368 711 461 781 lno'is
478 708 638 808 eripuisse
655 706 752 780 dolis.

173 824 239 896 Hic
255 825 361 897 undas
378 825 542 911 imitatus,
557 824 659 898 habet
679 853 812 925 quoque
828 853 950 899 nomen
966 825 1008 898 ab
1024 824 1145 899 undis:

223 940 429 1015 Crediderim
444 941 616 1042 Nymphas
631 941 694 1015 hac
712 971 773 1036 ego
788 960 877 1016 veste
896 943 972 1037 tegi.

173 1054 235 1131 Ille
253 1085 387 1131 crocum
405 1056 562 1131 simulat:
579 1085 696 1130 croceo
713 1055 841 1131 velatur
857 1057 994 1144 amictu,

224 1175 371 1248 Roscida
388 1173 543 1248 luciferos
562 1203 665 1274 quum
679 1175 753 1247 Dea
767 1173 879 1272 jungit
896 1202 1010 1273 equos.

174 1291 240 1364 llic
258 1291 402 1392 Paphias
418 1308 568 1392 myrtos:
587 1289 643 1363 hic
659 1317 842 1392 purpureas
860 1289 1080 1390 amethystos,

223 1405 425 1481 Albentesve
442 1435 553 1493 rosas,
571 1405 798 1480 Threiciamve
818 1433 942 1501 gruem.

1201 1197 1249 1247 180

174 1531 244 1605 Nec
261 1529 412 1625 glandes,
433 1527 609 1630 Amarylli,
628 1548 710 1618 tuae,
725 1558 786 1604 nec
799 1528 971 1629 amygdala
989 1527 1133 1615 desunt,

225 1655 272 1726 Et
287 1683 346 1727 sua
364 1652 542 1726 velleribus
559 1654 695 1725 nomina
716 1682 788 1727 cera
810 1653 910 1733 dedit.

177 1777 274 1872 Quot
286 1803 373 1849 nova
391 1792 475 1848 terra
493 1775 580 1875 parit
597 1774 713 1863 llores,
734 1803 837 1874 quum
854 1803 929 1848 vere
947 1774 1073 1875 tepenti
1203 1794 1250 1846 1³5

180 1987 250 2042 Vide
256 1987 365 2042 Salmas.
372 1986 485 2040 Exercit.
491 1987 558 2041 Plin.
568 2006 625 2056 pag¹
636 1987 692 2053 ¹4³5
741 1984 891 2056 intelligunt
904 2004 979 2052 earn,
994 2005 1075 2055 quam
1092 1989 1252 2054 κυμὸἄλλωτον

179 2067 226 2121 uhi
236 2067 349 2120 Tertull.
362 2067 449 2120 locum
461 2064 581 2119 similiter
592 2084 691 2118 emen·
741 2063 818 2135 vulgo
831 2063 939 2134 quidam
952 2073 1054 2116 vorant.
1068 2064 1173 2116 Mrcrn.

180 2143 240 2208 dat,
255 2157 281 2200 et
292 2166 349 2216 pag.
358 2147 407 2219 399
415 2157 442 2200 et
453 2164 510 2215 77⁰·
523 2145 621 2198 Buten.
778 2162 832 2215 179
852 2144 943 2193 Crocco
958 2143 1056 2193 ulatur
1065 2146 1168 2193 umecta.
1182 2145 1252 2195 Cro-

217 2227 273 2293 ¹7⁵·
286 2227 356 2278 Ecce
369 2228 420 2276 te'br'
427 2227 536 2286 similis,
551 2227 597 2293 qur*
609 2241 695 2292 quou-

181 2303 242 2354 dam
256 2313 304 2355 eto
317 2301 461 2354 Galbinum
474 2302 602 2367 colorem,
614 2300 695 2370 quiet

182 2399 288 2445 aureus,
299 2379 420 2449 intelligit
429 2378 538 2432 Salmas.
548 2379 579 2431 ad
592 2377 696 2448 Vopisc.

180 2457 276 2516 ¹Aurel.
288 2477 342 2526 cap.
356 2457 396 2524 34.
410 2457 471 2511 vid.
481 2469 509 2511 et
518 2456 637 2510 Turneb.
649 2472 695 2523 ιν,

185 2534 326 2590 Adversar.
338 2555 392 2605 cap.
406 2537 445 2588 23.

222 2635 275 2684 ¹77·
298 2617 351 2668 Hic
367 2618 450 2667 undas
467 2618 599 2677 uinilalus,
621 2618 699 2667 babet

185 2711 280 2762 quoque
292 2711 380 2745 nomeu
397 2696 431 2745 ab
447 2697 529 2745 andei.
547 2693 589 2746 De
609 2692 699 2762 glauco

186 2771 294 2837 colore,
315 2791 396 2840 quem
416 2771 533 2824 eundem
552 2782 579 2824 et
596 2775 699 2843 byalum

187 2850 312 2921 adpellari
324 2852 387 2905 dicit
396 2891 403 2917 ,
413 2853 519 2921 exponit
528 2853 599 2906 hunc
612 2852 699 2906 loeum

190 2929 304 2984 Merula.
322 2928 375 2983 Sed
395 2949 482 2998 neque
503 2930 559 2983 hare
574 2931 700 2999 expositio

188 3029 237 3080 per
247 3008 337 3060 omnia
346 3008 465 3077 procedit
474 3027 480 3061 :
490 3027 545 3060 non
558 3008 630 3061 enim
637 3011 701 3079 hya-

188 3091 257 3140 !inus
272 3086 344 3139 color
361 3087 412 3152 (ita
429 3086 502 3139 enim
516 3087 561 3140 ἂκό
576 3097 615 3140 τοῦ
633 3088 700 3140 ὑάλου
716 3088 721 3109 “

189 3165 240 3219 dici
254 3175 325 3218 recte
345 3163 423 3234 puto)
437 3165 508 3218 idem
521 3176 548 3218 et
562 3165 607 3234 qui
623 3165 701 3236 glau-

189 3263 250 3298 cm:
263 3242 309 3296 sed
321 3242 434 3311 vitreus,
448 3244 509 3296 vitri
525 3245 701 3314 perspicuita-

189 3333 246 3375 tem
254 3323 379 3375 referens.
387 3322 492 3376 Deinde
501 3322 701 3391 nequeabunda

189 3417 290 3452 nomeu
307 3419 386 3452 suum
401 3399 480 3453 habet
491 3403 606 3467 glaucus.
630 3401 703 3454 For-

189 3479 263 3533 tassis
276 3490 364 3532 autem
379 3490 456 3548 poeta
467 3498 529 3531 eum
541 3479 656 3532 colorem
667 3481 703 3533 si-

190 3559 315 3629 gnifieat,
332 3558 402 3611 unde
417 3565 500 3610 vestes
513 3561 640 3610 undulata
656 3559 703 3611 di-

742 2228 826 2274 colam
839 2231 866 2274 et
884 2225 1034 2275 crocotulam
1051 2221 1153 2275 Nonius
1172 2222 1255 2274 Mar-—

744 2301 823 2355 tellus
835 2312 910 2355 vocat
922 2300 1007 2353 crocei
1023 2300 1116 2354 coloris
1133 2310 1234 2355 vestem
1246 2342 1254 2366 ,

746 2380 1049 2450 quomodoetcallulam,
1059 2379 1256 2433 acoloreealtae.

747 2459 824 2514 Idem
841 2460 914 2514 color
928 2464 1010 2512 luteus
1022 2467 1049 2513 c!
1059 2464 1181 2512 crocuaus.
1193 2459 1257 2511 Vid.

746 2539 866 2592 Nonium
879 2539 907 2591 in
920 2540 1021 2591 luleus.
1042 2539 1142 2591 Herus.

782 2619 837 2672 180.
853 2621 947 2686 Juugi!
952 2637 1033 2687 equos.
1043 2618 1133 2680 Macil,
1145 2616 1257 2686 Regium

747 2704 844 2763 mucel,
857 2696 993 2759 lincoln,
1009 2701 1111 2763 mergit,
1125 2694 1259 2748 Palatinus

748 2796 824 2830 unus.
834 2778 1064 2842 bucellarorifiuos,
1074 2774 1183 2828 Palatio.
1191 2796 1198 2838 ;
1205 2792 1259 2826 ros-

748 2857 809 2908 cida
815 2872 967 2921 purpureos,
981 2852 1121 2906 Junianus.

785 2934 838 2997 184.
851 2934 887 2983 Et
896 2951 945 2983 sua
951 2934 1083 2983 vellen'bus
1091 2937 1192 2983 uomina
1199 2950 1259 2983 cem

748 3011 827 3062 dedet.
841 3008 898 3077 Qui
913 3007 988 3060 color
1003 3013 1102 3060 ceriuus
1120 3008 1229 3073 dieitur,
1244 3028 1257 3060 a

750 3106 804 3156 quo
817 3089 954 3153 strimarii,
968 3086 1012 3156 qui
1029 3087 1136 3152 cerina,
1151 3086 1177 3138 id
1198 3096 1257 3150 est,

750 3166 820 3220 cerei
827 3165 920 3219 eoloris
928 3176 1011 3218 vestes
1022 3164 1140 3236 tingunt,
1151 3164 1204 3216 sive
1214 3164 1258 3216 in-

750 3243 851 3298 liciunt.
862 3244 956 3313 Neque
969 3247 1087 3296 ceruleus
1095 3243 1188 3296 colora
1199 3262 1258 3296 cera

751 3323 861 3391 dieitur,
871 3335 900 3377 ut
913 3324 1018 3378 Merula
1030 3323 1166 3394 putat:sed
1180 3335 1260 3378 utce-

751 3403 802 3456 teri
814 3403 995 3475 etymologici,
1005 3424 1019 3456 a
1029 3405 1085 3456 eceli
1098 3402 1261 3472 apparentia,

751 3482 805 3535 sive
816 3482 918 3551 speeie,
932 3483 1003 3550 quasi
1016 3486 1139 3535 caeluleus.
1152 3482 1187 3534 Et
1199 3480 1263 3534 illud

752 3561 885 3630 Propertii
894 3561 922 3612 in
932 3562 1098 3627 Vertumno,
1114 3561 1163 3626 IV,
1175 3560 1216 3612 El.
1224 3575 1263 3625 rt,

191 3650 302 3691 cuntur:
312 3636 539 3706 quemadmodum
550 3636 703 3692 afluctuum
754 3642 795 3706 42,
804 3639 875 3709 quod
883 3639 991 3708 quidam
999 3638 1128 3710 adlegant,
1142 3641 1266 3692 Cerulcus

192 3714 294 3779 colore,
309 3717 362 3769 sive
375 3716 477 3786 specie,
490 3721 630 3786 cymatilcs.
642 3718 703 3771 Sive
753 3724 878 3780 cucumis,
890 3721 1030 3787 tumidoque
1043 3722 1172 3771 cucurbita
1181 3724 1268 3768 uentre

193 3791 226 3846 de
240 3793 332 3846 iisdem
345 3794 521 3862 intelligamus
533 3795 666 3867 cymatiles
678 3806 705 3849 et
754 3808 803 3851 etc.
815 3797 880 3850 nihil
893 3796 924 3850 ad
937 3816 994 3850 rem
1007 3807 1164 3866 praesentem
1181 3794 1241 3845 facit
1254 3813 1261 3845 ι

191 3870 348 3938 undulatos,
360 3872 414 3926 sive
428 3872 460 3925 de
475 3873 596 3940 diversis,
605 3884 635 3927 ut
645 3875 706 3947 qui7
755 3895 838 3945 quum
849 3877 883 3929 ibi
891 3896 946 3930 non
959 3894 1101 3948 cyaneum,
1112 3874 1155 3944 qui
1163 3871 1263 3926 Graeris

190 3950 300 4004 busdam
323 3952 446 4019 videtur,
463 3954 508 4022 qui
526 3953 615 4007 locum
635 3954 706 4008 hunc
754 3954 880 4009 ceruleus
892 3955 995 4024 proprie
1009 3951 1117 4015 est;sed
1129 3950 1267 4004 ssavumae

191 4038 276 4099 poetae
286 4028 317 4082 de
329 4031 443 4101 cymatili
454 4031 555 4093 colore,
568 4033 621 4086 sive
634 4044 705 4087 veste
754 4052 862 4087 cereum
873 4032 988 4086 colorem
996 4072 1003 4097 ,
1011 4029 1125 4100 qualisin
1134 4048 1267 4082 cucume—

192 4107 704 4177 accipiuntUndulatamautemvestem
754 4112 827 4166 ribus
837 4112 965 4177 cernitur,
978 4108 1113 4181 significet
1127 4108 1232 4162 Mrem.
