2798 4702
159 369 226 436 316
428 369 468 433 P.
501 369 688 436 OVIDII
721 368 951 437 Nasonls
1015 374 1018 379 ’

156 510 241 606 Quae
253 506 355 580 modo
368 526 580 608 pugnarunt,
593 509 739 608 jungunt
750 538 810 583 sua
823 528 933 583 rostra
946 507 1128 599 colnmbae3
1178 529 1231 600 465

206 627 357 724 Quarum
375 624 574 715 blanditias,
592 626 759 727 verbaque
775 655 926 700 murmur
940 626 1051 700 habet.

157 801 280 876 Pnnn
296 800 362 873 suit
376 827 484 874 rernm
503 801 637 876 confusa
652 801 723 874 sine
741 800 857 874 ordine
874 798 978 873 moles
993 829 1001 888 ;

210 919 350 1016 Unaque
367 933 460 989 erant
476 916 573 992 facies
592 916 715 1004 sidera,
733 934 837 1004 terra,
854 915 985 990 fretum.

162 1033 245 1107 Mox
257 1032 372 1106 caelum
385 1033 578 1133 impositum
592 1033 710 1106 terris:
725 1033 848 1107 humus
866 1061 997 1133 equore
1011 1031 1119 1105 cincta
1130 1047 1195 1116 est,

209 1152 315 1250 Inque
331 1179 406 1224 snas
420 1167 529 1252 partes
547 1150 645 1224 cessit
661 1150 757 1224 inane
773 1150 894 1224 Chaos.
1180 1166 1232 1237 47⁰

162 1264 251 1340 Silva
267 1267 371 1356 seras,
388 1267 537 1343 volucres
553 1276 608 1343 a'e‘r
625 1267 752 1368 accepit
767 1266 954 1341 habendas:

209 1387 248 1456 ln
266 1383 410 1485 liquida,
424 1385 551 1485 pisces,
570 1383 752 1458 delituistis
769 1412 865 1484 aqua.

161 1501 248 1574 Turn
266 1529 370 1596 genus
385 1501 566 1575 humanum
585 1500 664 1575 solis
681 1500 811 1575 errabat
826 1501 861 1572 in
878 1500 988 1597 agris;

210 1616 316 1716 ldque
331 1645 428 1691 merae
444 1619 545 1704 vires,
562 1635 595 1690 et
611 1617 693 1690 rude
708 1620 827 1717 pectus
845 1632 924 1689 erat.

164 1727 251 1803 Silva
268 1729 386 1802 domus
403 1728 525 1818 fuerat,
540 1730 636 1804 cibus
652 1730 775 1820 herba,
795 1730 917 1804 cubilia
929 1729 1079 1816 frondes;
1184 1749 1239 1818 475

213 1846 354 1946 Jamque
371 1844 429 1918 diu
446 1844 531 1920 nulli
548 1846 702 1942 cognitus
720 1847 802 1922 alter
820 1863 897 1920 erat.

165 1960 291 2036 Blanda
309 1979 418 2036 truces
432 1962 559 2037 animos
572 1961 678 2037 fertur
693 1963 839 2038 mollisse
854 1959 1027 2061 voluptas:

215 2077 441 2152 Constiterant
457 2107 525 2152 uno
541 2077 663 2153 femina
679 2079 794 2179 virque
811 2093 895 2148 toro.

170 2193 264 2290 Quid
281 2193 441 2284 facerent,
458 2195 525 2296 ipsi
540 2195 635 2271 nullo
652 2194 795 2269 didicere
811 2191 991 2287 magistro:

203 2409 259 2477 too.
281 2412 387 2480 Unaque
397 2412 571 2480 emersum,
582 2414 679 2474 sidera,
730 2423 793 2479 tres,
798 2417 869 2465 erat:
878 2409 974 2464 rectius
983 2416 1047 2479 puto
1054 2414 1152 2474 pectus,
1159 2423 1240 2474 quam

173 2488 357 2556 tetradum.
367 2488 445 2543 Sicin
453 2489 535 2543 Fastis
544 2488 614 2555 liba,
624 2487 681 2541 106:
730 2512 835 2560 corpus,
846 2489 918 2560 quod
926 2509 982 2542 non
995 2499 1048 2542 tam
1061 2484 1196 2556 eleganter
1202 2507 1242 2538 ru·

191 2575 334 2628 tentusque,
343 2577 416 2626 otto,
430 2589 480 2615 ⁰³¹¹·
489 2589 570 2615 mnus
579 2584 644 2614 Μ·
732 2574 764 2625 de
774 2570 876 2624 dicitur.
890 2569 1002 2638 Semper
1019 2576 1107 2618 autem
1126 2565 1181 2616 lere
1193 2582 1242 2631 pro

173 2648 427 2729 Metamophoseon
438 2649 506 2703 libro
517 2667 542 2719 1,
556 2653 571 2704 5
582 2671 589 2705 :
728 2656 841 2720 pectore,
855 2667 944 2715 corpus
952 2663 1111 2715 supposuere
1124 2642 1222 2696 librarii
1233 2681 1241 2709 ,

147 2782 150 2789 ,
176 2742 231 2780 Ante
237 2749 322 2788 mrem
328 2742 395 2788 tellus,
403 2748 423 2780 et
429 2741 685 2792 quodtsgitomnisenlim,
734 2740 762 2783 el
774 2739 875 2782 conlrm
888 2726 986 2778 BURM.

175 2806 234 2845 uns·
242 2816 301 2846 orant
309 2814 349 2846 toto
358 2806 440 2847 Nelurus
449 2808 516 2846 vultos
529 2810 548 2847 in
558 2809 612 2848 orbe.
767 2809 823 2875 475,
840 2806 939 2856 Domus
944 2800 1041 2869 suerat,
1053 2802 1166 2852 Fump!
1172 2796 1245 2850 vole.

176 2879 221 2933 Sic
231 2880 267 2933 ibi
275 2879 347 2934 enim
356 2879 535 2946 scribendum,
548 2899 605 2934 non
615 2888 684 2945 erat,
734 2882 779 2935 hat
792 2879 926 2935 Francius.

176 2957 300 3028 opinatur
312 2957 444 3010 Heinsius.
768 2957 937 3029 4772Blanda
942 2960 1025 3008 truces
1032 2959 1131 3007 anemos
1136 2963 1184 3007 etc.
1191 2953 1246 3005 Hc·

210 3036 344 3104 471.Se'loa
345 3034 427 3103 seras.
436 3033 489 3088 Hic
496 3054 585 3089 versus
597 3036 624 3089 in
639 3035 689 3089 At·
735 3035 839 3092 siodum
845 3033 973 3101 sequitur,
980 3043 1006 3085 et
1014 3033 1115 3103 poetice
1126 3040 1245 3094 exornat,
1269 3034 1272 3042 '

179 3111 248 3166 dinis
259 3112 296 3165 ita
307 3112 420 3183 legitur:
737 3114 800 3184 qui,
813 3129 912 3180 quum,
926 3111 1064 3181 Theogon.
1078 3128 1141 3176 rso,
1156 3108 1246 3160 Amo-

178 3195 232 3234 ⁸l¹'¹
239 3195 289 3233 (Μ
297 3196 360 3247 “Plu
368 3195 458 3235 '⁰¹¹²0m
466 3196 564 3260 ῠῑῑῑύὶῑῇῑ
570 3202 610 3237 ⁸⁴¹·
736 3209 805 3259 rem,
814 3194 836 3251 ie
843 3192 950 3256 κᾶλλιςος
960 3193 981 3242 lu
990 3191 1124 3245 ἇθωιάυισι
1131 3198 1208 3252 θεοῖσι,
1215 3211 1249 3256 τῳ

182 3267 239 3337 Qui
254 3269 429 3330 versusmihi
447 3271 529 3342 magis
545 3271 689 3342 probatur,
739 3270 817 3326 Chao
828 3267 1076 3332 coetaneumdicat,
1087 3286 1119 3320 eo
1128 3266 1183 3336 ipso
1195 3264 1250 3317 fin-

181 3348 285 3401 tametsi
296 3349 427 3402 sententia
444 3349 583 3418 utrobique
597 3348 691 3402 ecdem
739 3350 777 3420 git
785 3349 863 3402 rebus
870 3343 1249 3415 ordinandispraefuisseQuo

180 3424 691 3496 eseM1cru-1nterpotaruuthuncto
740 3423 848 3496 quidem
856 3424 1015 3495 ingeniosius
1023 3422 1129 3476 nihilab
1137 3421 1251 3490 antiquis

181 3526 258 3573 curn,
274 3526 305 3560 ex
321 3506 388 3559 libro
404 3505 514 3558 Metam.
530 3504 631 3573 primo,
646 3503 692 3572 qui
740 3503 915 3573 excogitatum
924 3513 991 3572 puto
1003 3523 1010 3565 ς
1023 3520 1056 3553 ne
1068 3511 1174 3569 excepta
1186 3498 1251 3567 qui-

183 3585 357 3656 posteriorem
379 3583 407 3636 iu
426 3590 474 3635 air
489 3582 615 3654 syllabam
635 3599 691 3634 non
741 3581 803 3635 dem
816 3579 929 3634 mirabili
945 3578 1012 3633 adeo
1027 3578 1060 3632 de
1072 3578 1195 3633 Pandora
1206 3578 1251 3629 sa-

183 3683 257 3733 posse
281 3663 390 3735 produci
413 3662 603 3717 existimarunt
623 3662 693 3716 Nam
741 3660 811 3715 bula.

184 3745 272 3816 scripti
283 3757 394 3810 veteres,
403 3744 564 3813 cumprimis
575 3742 694 3798 editioni·
775 3739 831 3809 478.
852 3739 1023 3791 Consle'terant
1031 3755 1082 3789 uno
1086 3734 1188 3803 semim
1198 3735 1252 3818 νίζ-

185 3822 249 3888 bus,
262 3833 414 3876 constanter
423 3833 450 3876 et
461 3834 548 3877 recte:
743 3838 791 3889 qne
801 3825 864 3871 toro.
875 3819 945 3871 Loco
952 3827 1022 3871 reete
1031 3833 1093 3869 cum
1103 3811 1186 3883 prima
1194 3807 1254 3859 edr-

184 3903 238 3941 silv·
247 3904 309 3952 sens,
319 3906 408 3942 voltum
417 3917 451 3943 ser
459 3906 533 3956 occepit
543 3903 648 3945 hebudes.
665 3905 693 3943 u.
744 3897 816 3950 tione
828 3896 916 3965 scripti
927 3915 934 3949 ς
946 3915 1009 3949 nam
1020 3895 1049 3946 in
1061 3900 1115 3944 Iom
1124 3907 1179 3942 11011
1193 3897 1254 3938 sla-

219 3978 275 4042 474.
293 3979 371 4043 quue
383 3997 454 4030 mere
466 3983 538 4032 uetes.
550 3982 646 4048 Hisque
654 3998 696 4032 no
745 3985 801 4029 tur:
809 3985 835 4028 ct
844 3975 893 4027 tori
903 3993 964 4027 usus
972 3973 1014 4026 illa
1023 3965 1253 4038 tempestatchaud

185 4074 220 4109 θ’
231 4059 297 4107 ”lm
305 4095 311 4116 2
320 4056 438 4109 Gronov.
450 4059 531 4124 Mox,
543 4062 697 4125 mdepecns
745 4052 813 4106 ullus
824 4060 895 4118 erat,
906 4051 956 4106 nisi
967 4047 1073 4104 frondes
1084 4063 1133 4115 pro
1146 4051 1199 4097 toro
1211 4064 1256 4096 ac—

186 4135 258 4186 cras!
264 4167 272 4199 ,
284 4148 328 4183 sex
339 4131 428 4199 scripti
438 4152 445 4198 ς
456 4133 506 4187 nisi
519 4132 591 4201 quod
602 4147 696 4186 eorum
748 4132 819 4200 cipis.
831 4130 931 4184 Hnns.
