2798 4702
422 344 661 412 AMORUM
686 348 737 414 ΙΙ.
772 351 921 419 ELEG.
955 353 1022 421 VI.

1214 389 1259 456 99

238 483 389 566 Dicitur,
408 481 572 555 obscenae
589 512 657 584 quo
676 474 899 586 prohibentur
916 519 1000 565 aves.

191 596 261 671 lllic
280 596 416 670 innocui
436 595 501 670 late
520 617 702 697 pascuntur
719 601 853 677 olores:

237 715 283 785 Et
300 713 394 785 vivax
413 709 571 816 Ριιιιιιὶι,
590 716 687 789 unica
704 745 833 819 semper
847 720 924 792 avis.

190 827 341 929 Explicat
357 828 430 927 ipsa
445 856 521 901 suas
538 827 605 902 ales
624 831 774 907 Junonia
792 862 939 933 pennas:

238 944 364 1019 Oscula
380 943 438 1018 dat
454 943 578 1045 cupido
595 945 720 1021 blanda
735 948 891 1023 columba
908 951 1000 1024 mari.

190 1062 354 1136 Psittacus
369 1061 429 1134 has
448 1062 548 1148 inter,
564 1062 725 1137 nemorali
744 1063 820 1138 sede
837 1083 1005 1165 receptum

239 1177 411 1252 Convertit
427 1176 576 1251 volucres
592 1179 627 1250 in
644 1208 703 1252 sna
720 1181 821 1254 verba
835 1181 918 1281 pias.

189 1295 275 1368 Ossa
292 1294 375 1389 tegit
394 1292 544 1366 tumulus
557 1322 564 1381 ;
579 1293 728 1368 tumulus
746 1324 809 1396 pro
829 1325 969 1397 corpore
986 1326 1129 1399 parvus,

237 1413 315 1510 Quo
332 1411 417 1513 lapis
435 1412 574 1506 exignus
590 1439 651 1512 par
669 1411 733 1485 sibi
747 1440 876 1487 carmen
894 1412 1018 1487 habet:
1222 1445 1256 1497 a„

189 1608 332 1674 arnoenius,
347 1606 699 1676 quambrevishaecdescrip·

782 1608 821 1658 58.
838 1609 1178 1666 convertuwlumsnsua
1183 1620 1259 1670 verda

190 1684 227 1737 tio
238 1683 302 1748 loci,
323 1683 350 1735 in
361 1684 458 1752 campis
473 1683 566 1754 Elysiis
579 1683 626 1753 piis
638 1685 699 1736 nvi·
743 1688 813 1750 pias.
826 1683 914 1749 Male,
935 1705 968 1737 nc
985 1685 1071 1739 dicam
1084 1688 1191 1745 ridicule
1204 1695 1258 1746 ad-

189 1764 238 1815 bus
249 1782 263 1814 a
273 1772 347 1832 poeta
358 1773 449 1817 nostro
458 1761 592 1832 adsignati,
602 1764 627 1816 lt
635 1782 697 1816 vero

191 1839 290 1893 Lesbiae
301 1859 396 1910 passer,
407 1839 514 1893 laudato
529 1839 619 1894 Carnu
633 1857 655 1894 11
668 1859 674 1894 :

346 1934 586 1982 mimendensem,

215 2008 264 2047 Illuc
273 2008 321 2047 unde
331 2017 400 2060 negent
407 2009 469 2048 redire
476 2021 602 2061 qmmqunm·

215 2083 243 2121 At
252 2083 363 2121 vobismele
372 2083 397 2120 eit
404 2110 410 2128 ‚
418 2083 474 2120 mat·
481 2082 564 2120 tenebre

213 2156 259 2195 Orci
264 2185 271 2204 ,
280 2168 324 2207 qn·
330 2155 395 2193 omnin
402 2154 453 2192 betta
461 2154 565 2193 devoretis.

187 2262 220 2276 -·
232 2236 312 2301 Nigra
328 2251 416 2285 nemus
433 2236 493 2284 a'le'ce
503 2232 616 2300 frondet.
639 2232 696 2285 Ex-

186 2320 273 2381 cerpta
285 2310 418 2383 politiam,
429 2320 455 2363 et
467 2328 537 2362 unus
548 2310 694 2378 Mediceus,

180 2391 320 2459 frondens.
341 2399 370 2441 ut
382 2388 414 2440 ad
431 2393 456 2442 eo*
473 2395 538 2441 vaiet
547 2390 695 2442 reseratur:

185 2468 235 2521 nisi
243 2466 362 2537 sequenti
369 2485 447 2518 versu
463 2467 546 2517 Ueida
554 2465 637 2533 malis,
647 2485 696 2535 pro

190 2548 293 2615 Udaque
305 2568 312 2598 ‚¹
324 2565 388 2599 narn
398 2563 467 2597 unus
478 2545 637 2612 Vaticanus,
654 2549 696 2599 Vt-

187 2628 252 2677 eida.
264 2626 365 2677 linus.

220 2707 258 2755 52.
278 2705 518 2755 Obscuramaees.
540 2699 693 2769 orninoee,

187 2781 253 2833 mala
265 2779 453 2849 portendentes
466 2800 473 2841 3
497 2788 527 2830 ιιι
543 2779 612 2849 apud
626 2780 694 2832 Vir-

186 2859 291 2928 gilium,
305 2856 403 2926 Georg.
414 2873 440 2923 1,
453 2859 502 2924 470
516 2875 522 2910 :

185 2943 315 2993 vexantque
322 2954 378 2978 ιιιιιι
386 2969 392 2987 ,
401 2941 556 2991 importunaque
564 2941 660 2980 volueres.

219 3019 258 3068 55.
269 3018 395 3083 Explica!
400 3020 458 3081 ipsa
468 3033 530 3066 suas
537 3018 595 3067 ales
605 3017 695 3067 June-

185 3097 230 3145 m'a
236 3113 342 3161 pennas.
357 3093 443 3161 Atque
451 3111 528 3154 suas,
549 3092 592 3144 alii
602 3092 694 3146 multi:

186 3173 255 3224 sorte
267 3170 408 3241 legendum
420 3191 427 3225 z

187 3255 276 3304 Explicet
285 3254 316 3292 bic
326 3254 434 3304 picturales
445 3254 531 3292 sumt·
540 3267 619 3305 mnne.

187 3324 256 3389 Vel,
268 3327 390 3392 nepteo!
398 3334 426 3376 e!
431 3345 528 3393 passas
535 3346 652 3393 penum
665 3337 694 3381 ιιι

186 3400 219 3453 de
229 3419 328 3469 pavone
338 3402 480 3470 Horatius,
491 3403 577 3459 Serm.
587 3418 623 3469 ιι,
639 3404 693 3458 Sat.

183 3495 221 3543 11,
234 3478 265 3530 ιθ
279 3481 371 3531 :Picta
374 3484 476 3548 pendet
481 3485 629 3550 speclacula
636 3501 694 3536 cau·

181 3561 232 3622 da,·
251 3556 300 3609 tale
318 3556 381 3625 quid
400 3558 479 3612 latere
506 3559 633 3612 existimo.
656 3560 693 3614 H.

182 3633 250 3685 lllud
263 3640 340 3703 alque
350 3654 381 3688 ex
393 3633 483 3689 ultima
495 3637 592 3708 syllaba
601 3648 640 3691 τοῦ
650 3657 694 3689 ex·

177 3715 263 3776 plicat
272 3714 415 3782 repetitum
426 3715 477 3767 snit
490 3734 496 3766 ε
507 3716 631 3784 legerem,
641 3718 693 3768 Ex·

176 3793 262 3854 plicat
271 3812 349 3861 usque
359 3811 428 3845 suas.
436 3792 561 3846 Francius
569 3792 692 3858 malebat,

181 3871 304 3937 Explica!
313 3890 373 3925 ecce
386 3890 457 3923 suas.
476 3871 581 3938 Specta!
594 3879 622 3923 e!
636 3877 694 3938 ipsa

183 3965 258 4011 suns,
276 3949 374 4021 Micyll.
387 3959 414 4001 et
428 3949 529 4002 Bersm.
543 3947 693 4002 ediderunt.

216 4026 254 4079 56.
267 4029 430 4094 Batcupido.
439 4027 535 4079 Oscula
540 4030 690 4095 datquesuo,

184 4102 692 4175 librieemquodnoninvitusretinerem.

748 1760 876 1828 modum,
898 1763 942 1830 qui
958 1769 985 1815 r'u
1003 1783 1053 1817 sua
1071 1773 1138 1820 vota.
1159 1769 1258 1827 Sensus

747 1837 820 1892 enim
829 1850 868 1891 eet
884 1840 1046 1894 :Psittacum
1060 1844 1085 1895 in
1098 1844 1258 1902 admiratio-

746 1933 810 1967 nem
823 1916 863 1968 sni
875 1936 934 1970 oves
948 1957 955 1983 ,
971 1929 1028 1986 post
1041 1932 1173 1991 mortem,
1190 1944 1259 1980 con-

747 2000 846 2056 certem,
862 2005 891 2047 ut
901 1994 1022 2050 homines
1032 1999 1104 2052 vivus
1115 2001 1256 2070 alliciebat,

747 2069 891 2124 humanam
902 2091 994 2127 vocem
1007 2085 1060 2127 tam
1071 2078 1181 2132 solerter
1192 2082 1258 2135 imi-

746 2145 835 2199 tando.
854 2147 937 2210 Nam,
961 2160 990 2202 ut
1002 2152 1037 2204 ait
1051 2154 1255 2226 Virg.AEn.v1‚

745 2225 805 2292 655,
813 2226 883 2295 quod
889 2227 1006 2281 studium
1014 2231 1122 2285 velcura
1128 2235 1255 2302 tultririe,

834 2339 858 2351 ...
872 2314 945 2351 undem
953 2315 1042 2366 seqnitur
1049 2317 1118 2354 tellure
1124 2328 1218 2368 repostos.

779 2387 818 2456 59.
826 2387 1085 2453 Ossalegc'ttumielns5
1092 2395 1257 2448 tumulusetc.

745 2462 793 2515 Est
800 2461 903 2516 vennttt
913 2465 1002 2516 nescio
1015 2465 1077 2531 quid
1090 2476 1117 2517 et
1130 2486 1191 2520 vere
1202 2475 1257 2523 ele-

742 2545 885 2607 5iac12non
898 2541 925 2592 in
938 2541 1095 2609 repetitione
1107 2544 1189 2598 modo
1200 2567 1256 2601 ver-

744 2617 785 2681 bi,
798 2616 843 2668 scd
864 2617 923 2685 quia
937 2617 1047 2670 verbum
1060 2621 1159 2689 verbo,
1181 2626 1254 2680 nullo

744 2692 894 2761 mediante,
906 2695 986 2748 instat
996 2697 1154 2764 proximum.
1162 2729 1196 2744 -
1204 2707 1255 2758 Pro

743 2791 844 2838 corpore
852 2792 953 2839 pareus.
964 2774 1055 2827 Nonis
1068 2779 1113 2845 qui
1120 2799 1196 2833 nvem
1206 2781 1254 2835 de-

743 2860 814 2917 ceat,
828 2861 867 2903 tot
879 2851 960 2904 titulis
971 2856 1221 2914 commendandam.

776 2929 818 2982 60·
835 2933 1057 2985 Parsibc'cameu
1068 2937 1151 2988 habet.
1171 2937 1253 2992 Recte

743 3027 856 3069 cannen,
876 3026 930 3061 non
948 3029 1058 3064 nomeu:
1076 3012 1121 3066 sed
1141 3016 1208 3070 nihil
1219 3017 1252 3070 ad

742 3104 801 3137 rem
813 3087 945 3155 Propertii
954 3087 1039 3156 locus,
1051 3089 1093 3143 lib.
1101 3107 1133 3158 ιι,
1143 3093 1215 3163 Eleg.
1227 3112 1252 3162 1,

743 3164 793 3226 82;
815 3165 851 3216 sic
861 3165 934 3217 enirn
947 3165 1073 3236 legendus
1087 3187 1093 3221 :

767 3247 793 3285 Bt
801 3246 860 3286 breve
867 3247 888 3286 in
895 3248 966 3298 exiguo
974 3263 1070 3290 memore
1079 3265 1150 3292 nomen
1163 3268 1202 3293 ero.

743 3316 805 3369 Non
818 3327 922 3385 autem,
935 3330 965 3372 ιιι
974 3321 1031 3375 vult
1043 3323 1178 3391 Heinsius,
1188 3344 1252 3378 car·

743 3414 799 3446 men
809 3402 859 3449 erit
865 3413 874 3460 ,⁸
890 3397 934 3466 qui
944 3417 1035 3452 sensus
1048 3420 1062 3452 a
1073 3413 1164 3454 mente
1185 3421 1251 3456 auc-

743 3476 805 3528 toris
825 3477 936 3530 omnino
957 3479 1064 3532 alienus.
1088 3481 1141 3534 Hic
1160 3493 1250 3535 ιιιιοιιι

742 3573 790 3606 vox
807 3555 861 3625 ipsa
876 3575 976 3609 cumen
995 3557 1092 3611 indicat
1104 3578 1193 3612 versus
1206 3562 1250 3629 qui

743 3636 844 3687 tumulo
856 3637 972 3705 inscripti
983 3637 1114 3706 leguntur.
1136 3639 1251 3694 Praeire-
1324 3639 1327 3643 ’

742 3724 783 3766 rat
792 3725 819 3766 et
828 3714 919 3781 Virgil.
933 3713 987 3766 Ect.
1000 3730 1033 3776 v,
1047 3717 1096 3778 ιιι

742 3804 768 3841 tu
779 3803 877 3840 tumidum
890 3802 961 3848 saetae,
974 3809 993 3840 et
1008 3805 1086 3842 tornulo
1102 3816 1161 3855 aufer
1175 3806 1240 3847 uun

742 3967 755 3991 ιι
763 3950 850 4002 Depbnie
858 3964 893 4000 ego
905 3952 924 3989 in
934 3952 1008 4004 sylvis,
1017 3959 1054 3990 ete.

741 4030 866 4079 Parvero
878 4044 977 4078 carmen
989 4036 1027 4078 est
1039 4025 1173 4097 inscriptio
1184 4030 1249 4083 bre-

741 4103 794 4167 vis,
806 4108 900 4170 exigua
911 4112 940 4155 ιιι
953 4107 1019 4172 lupis
1031 4105 1085 4174 ipse
1097 4106 1199 4159 tumuli.
