2798 4702
384 343 625 413 Amorum
655 347 684 413 1.
714 345 863 414 rnre.
892 345 963 413 rx.
1159 336 1203 440 ty

134 486 227 559 Mars
243 478 389 568 dubius,
407 507 468 553 nec
486 497 574 554 certa
589 482 723 567 Venus;
742 482 885 582 victique
902 500 1081 578 resurgunt
1095 511 1110 574 ἱ

183 599 348 696 Quosque
365 623 466 690 neges
483 624 630 696 unquam
646 624 744 696 posse
760 597 885 694 jacere,
901 596 1033 670 cadunt.
1171 621 1204 673 to

134 718 227 811 Ergo
243 713 404 788 desidiam
418 713 618 814 quicumque
636 713 766 786 vocavit
782 740 946 800 amorem,

183 829 347 903 Desinat:
363 827 489 923 ingenii
504 845 555 901 est
572 826 771 927 experientis
785 854 887 899 amor.

136 946 241 1021 Ardet
259 945 296 1018 in
311 944 455 1018 abducta
471 943 621 1018 Briseide
638 971 779 1039 magnus
797 939 966 1016 Achilles:

185 1062 276 1135 Dum
292 1057 386 1149 licet,
405 1058 580 1154 Argolicas
596 1057 755 1151 frangite,
773 1058 895 1144 Trois,
913 1084 1002 1157 opes.

138 1177 266 1249 Hector
284 1174 326 1247 ab
347 1172 598 1246 Andromaches
616 1170 845 1272 complexibus
863 1171 935 1245 ibat
952 1171 987 1243 in
1004 1196 1109 1263 arma;
1172 1192 1205 1247 35

185 1293 246 1376 Et,
266 1287 390 1384 galeam
408 1287 508 1388 capiti
527 1315 600 1388 que
616 1287 726 1375 daret,
744 1315 830 1362 uxor
847 1304 925 1362 erat

139 1406 274 1479 Summa
293 1403 414 1477 ducum
429 1403 580 1490 Atrides,
598 1403 667 1477 visa
685 1403 884 1491 Priameide,
902 1401 1009 1476 fertur

187 1517 349 1593 Menadis
365 1516 480 1591 effusis
499 1517 715 1619 obstupuisse
734 1519 848 1592 comis.

140 1636 232 1708 Mars
250 1662 383 1735 quoque
402 1633 584 1733 deprensus
601 1633 731 1707 fabrilia
747 1633 878 1708 vincula
895 1636 1020 1711 sensit:

190 1750 313 1823 Notior
329 1749 364 1820 in
381 1747 460 1822 caelo
479 1747 593 1822 fabula
609 1747 700 1822 nulla
718 1748 792 1822 fuit.
1175 1771 1209 1840 4⁰

140 1869 217 1969 lpse
231 1895 293 1963 ego
308 1865 419 1962 segnis
437 1893 542 1954 eram,
563 1864 787 1965 discinctaque
803 1867 838 1938 in
858 1867 926 1941 otia
942 1884 1064 1942 natue:

175 2093 213 2146 aq
222 2074 293 2127 Idan
301 2074 406 2134 dubius,
418 2091 465 2126 nec
473 2077 544 2126 cede
556 2074 647 2126 Vem

142 2152 246 2221 Anceps
261 2152 386 2221 utrinque
403 2151 505 2204 exitm:
523 2151 648 2219 utrinque

140 2230 212 2283 enim
230 2229 398 2296 obsidiones,
417 2228 528 2299 vigilite,
549 2239 649 2282 strata-

141 2319 260 2376 gemate,
272 2307 359 2378 prelia
367 2325 587 2375 nonnumquam
600 2325 650 2361 nec

141 2397 243 2440 certum
254 2387 314 2441 satis
327 2386 372 2439 ubi
384 2386 492 2440 victoria
503 2387 611 2440 steterit

174 2465 215 2518 ³0.
226 2468 307 2519 Posse
308 2466 412 2532 jacere,
427 2466 529 2518 cadunt.
538 2467 647 2527 lacent,

141 2562 197 2597 non
213 2543 351 2596 invenusta
368 2542 533 2612 repetitione.
550 2543 650 2596 Ηιιιιι.

175 2621 213 2673 32.
224 2623 344 2674 Desinat.
353 2619 454 2673 Marius
466 2620 547 2673 refert
558 2619 590 2672 ad
603 2619 651 2673 ali-

143 2720 238 2768 quem,
252 2702 297 2770 qui
309 2710 446 2753 vocaverat
454 2719 572 2753 amorem
582 2699 652 2752 deei-

143 2779 231 2840 diam3
248 2777 294 2831 sed
311 2777 411 2831 acutius
429 2776 519 2832 vidisse
532 2778 651 2830 Marium

143 2854 282 2908 credimus.
296 2855 361 2907 Htec
373 2854 445 2908 enim
456 2853 546 2927 Elegia
557 2857 652 2925 scripta

144 2932 251 2985 videtur
262 2932 321 2985 ideo
333 2932 365 2985 ad
374 2933 507 3001 Atticum,
521 2934 582 3002 quia
593 2934 651 3002 ille,

145 3022 251 3065 auctore
258 3011 381 3080 quodam,
390 3031 487 3082 magno
494 3013 593 3065 sorteet
600 3013 653 3065 lau·

145 3090 223 3144 dabili
243 3092 322 3158 viro,
344 3111 462 3145 amorem
481 3091 653 3146 calumniatus

144 3179 202 3221 erat
214 3188 220 3221 :
232 3169 263 3222 ab
276 3169 324 3224 lrac
334 3171 464 3224 sententia
474 3169 592 3222 Atticum
605 3169 654 3221 de·

144 3247 460 3309 ducereconaturPoeta,
476 3246 571 3300 etideo
578 3247 654 3299 initio

144 3324 225 3391 dixit,
237 3328 309 3377 crede
320 3329 395 3386 mibi,
409 3344 464 3377 non
475 3323 526 3392 illi,
538 3325 613 3393 cujus
625 3336 655 3378 tu

144 3403 327 3456 auctoritatem
338 3402 463 3472 sequeris.

177 3481 217 3533 33.
233 3483 351 3548 Magum.
364 3482 488 3545 erasos,
503 3483 656 3535 Puteaneux

145 3557 239 3627 aliique
249 3559 339 3612 multis
348 3558 455 3627 quidam
462 3559 566 3628 ,[οήίι,
575 3558 655 3611 etiam

144 3636 220 3690 bene.
232 3637 333 3690 Herm.
345 3637 425 3706 Epist
437 3652 488 3704 ιιι,
504 3636 548 3706 137
561 3655 568 3689 ε

143 3722 227 3772 Respice
237 3722 340 3761 inilicitum
349 3722 439 3761 briam·
444 3751 452 3774 ,
454 3723 517 3776 sanir
527 3720 613 3761 Achille.

145 3794 238 3863 Quem
236 3794 488 3862 sortrksr'rmmvocat
493 3794 586 3848 eadem
593 3794 656 3864 epis·

144 3873 207 3938 tola,
213 3893 279 3926 vers.
287 3889 327 3925 ιιι
334 3873 379 3927 Sic
387 3873 430 3926 lib.
440 3889 473 3940 11,
482 3872 575 3926 Amor.
584 3872 656 3943 Eleg.

146 3970 213 4020 rur,
227 3974 251 4006 v.
269 3954 314 4020 13,
328 3953 435 4023 quidam
447 3952 569 4008 codices:

146 4034 189 4075 Nec
198 4050 242 4074 sun
252 4036 368 4085 rut-rite,
377 4037 469 4090 neoforte'
476 4038 540 4087 major
546 4035 632 4075 Achille.

181 4108 222 4175 34.
234 4110 305 4163 Dum
313 4112 388 4176 licet,
399 4110 544 4177 Amulius.
557 4110 659 4178 Areon

696 2076 857 2141 Puteaneus,
867 2084 895 2129 et
905 2086 1019 2144 quatuor
1028 2075 1069 2129 alii
1077 2092 1138 2128 cum
1150 2073 1208 2129 Ju-

696 2154 746 2206 reti
758 2154 883 2224 excerptis
899 2173 905 2206 :
923 2153 992 2223 quod
1005 2164 1043 2207 est
1055 2153 1206 2222 Aqolr'cas,

697 2230 832 2300 quomodo
856 2232 1043 2301 Neapolitanus
1064 2250 1094 2284 ac
1114 2232 1209 2286 Sarra-

697 2309 788 2363 viamrs
801 2327 862 2362 cum
874 2309 957 2363 tribus
973 2310 1035 2362 aliis.
1050 2309 1150 2361 Herus.

730 2387 770 2440 35.
787 2390 887 2440 Hector
901 2391 934 2439 ab
951 2389 1144 2440 Andromaches
1160 2395 1209 2438 etc.

698 2464 771 2517 Iliad.
782 2476 818 2530 z,
831 2468 897 2534 407,
910 2483 966 2533 sqq.
980 2464 1037 2532 Qui
1050 2464 1135 2528 locus,
1150 2463 1210 2516 licet

697 2542 775 2595 toties
791 2541 934 2606 adductus,
952 2560 1020 2594 nora
1031 2559 1136 2610 semper
1146 2558 1209 2593 cum

698 2621 1121 2690 voluptatererocatur.-Iba!in
1128 2641 1209 2675 arma.

698 2699 823 2753 Adama
832 2701 997 2768 Puteaneus,
1008 2700 1141 2756 Douxaeet
1150 2712 1210 2756 octo

700 2780 742 2833 alii
753 2796 760 2829 ε
772 2780 849 2833 male.

734 2856 773 2927 37.
791 2859 892 2911 &ama
905 2860 995 2911 ducum
1007 2858 1121 2911 Atrides.
1139 2859 1212 2928 Aga-

699 2955 847 3002 memnon,
874 2936 918 3005 qui
936 2937 1007 3006 prior
1024 2935 1094 2989 iuter
1113 2937 1212 3005 primos

701 3015 779 3069 duces
787 3014 947 3084 Argivorum
956 3054 963 3082 ,
973 3018 1116 3081 obstupuit,
1126 3015 1212 3067 forma

703 3091 856 3147 Cassandra
866 3103 968 3162 captus,
982 3092 1042 3144 licet
1054 3096 1132 3144 comis
1142 3090 1214 3159 essu-

701 3177 753 3232 sis,
771 3168 1052 3235 etinordinatovultu,
1067 3169 1214 3225 vaticinan-

702 3248 769 3301 tium
781 3266 864 3299 more.
876 3274 910 3287 -
921 3246 1020 3299 Menas
1028 3265 1133 3316 quoque
1144 3245 1215 3301 dicta

704 3324 851 3379 Cassandra
864 3363 872 3392 ,
885 3344 900 3376 a
912 3325 1034 3395 Propere
1048 3341 1099 3391 ιιι,
1113 3325 1153 3377 ΕΙ.
1166 3341 1214 3390 ¹¹3

703 3415 730 3459 et
741 3425 755 3457 a
765 3404 883 3469 Seneca,
897 3404 990 3471 Agam.
1003 3407 1058 3473 7¹5·
1069 3432 1102 3444 -
1114 3406 1214 3456 Summa

703 3487 800 3536 ducum.
814 3482 954 3536 Tan.1·'ab.
968 3481 1001 3536 ad
1009 3481 1114 3535 Lueret.
1126 3499 1152 3546 r,
1165 3482 1213 3552 87,

704 3561 804 3615 dictum
814 3561 869 3613 vult
879 3561 1024 3614 imitatione
1033 3559 1162 3625 Lucretii,
1172 3560 1215 3613 cui

705 3641 890 3709 Agamemnon
904 3648 944 3692 est
950 3645 1035 3705 prima
1046 3642 1154 3690 verorum
1165 3657 1174 3689 .·
1186 3647 1216 3690 ut

705 3717 847 3787 Sophocles
865 3718 944 3770 etiam
965 3716 993 3767 in
1018 3714 1127 3768 Philoct
1152 3714 1216 3768 dixit

705 3807 782 3872 πρῶτα
791 3783 922 3860 Alaunium,
937 3812 985 3862 pro
996 3792 1112 3862 principe
1126 3791 1217 3847 Albe·

705 3873 846 3928 niensium.
860 3873 958 3926 Burni.

738 3953 779 4018 dr.
790 3953 975 4019 Discrirctaque
982 3956 1009 4003 in
1017 3957 1073 4004 olm
1079 3957 1164 4005 unlus.
1174 3950 1217 4004 Ad

707 4029 788 4082 vitam
806 4027 962 4081 molliorem.
981 4033 1114 4083 Discructi
1127 4030 1216 4096 enim,

708 4108 754 4178 qui
765 4107 896 4175 tunicam,
910 4125 964 4177 pre
976 4106 1073 4163 desidia
1085 4117 1113 4161 et
1125 4106 1219 4161 molli·
