2798 4702
202 336 267 404 368
486 335 525 399 Ρ.
550 331 729 402 OVIDII
752 329 987 403 NASONIS

197 476 268 549 Nec
287 489 366 567 toga
383 470 528 573 decipiat
543 469 602 544 filo
621 470 833 559 tenuissima;
848 500 910 546 nec
927 473 956 546 si

247 587 404 665 Annulus
420 589 456 661 in
474 588 589 684 digitis
607 587 690 662 alter
706 606 739 661 et
755 587 837 662 alter
853 588 928 663 erit.

197 706 352 781 Forsitan
371 734 411 778 ex
424 703 548 779 borum
566 732 705 778 numero
723 703 928 779 cultissimus
943 704 1000 780 ille

248 826 318 896 Fur
333 823 397 908 sit,
414 838 448 895 et
463 838 582 895 uratur
597 822 698 896 vestis
713 851 824 897 amore
843 840 917 896 tuae.

199 945 316 1020 Redde
335 973 465 1031 meum,
481 942 624 1018 clamant
641 944 791 1045 spoliate
807 974 892 1046 saepc
909 944 1047 1046 puellae:

248 1066 365 1142 Redde
382 1095 511 1152 meum,
529 1083 603 1139 toto
620 1094 700 1140 voce
717 1066 843 1141 boante
857 1067 945 1141 foro.
1224 1091 1282 1160 45⁰

200 1193 287 1280 Has,
306 1192 438 1277 Venus,
453 1218 470 1263 e
488 1188 621 1289 templis
636 1187 744 1263 multo
761 1189 971 1264 radiantibus
986 1219 1088 1279 auro,

247 1317 355 1388 Lenta
371 1311 463 1386 vides
480 1311 576 1401 lites,
593 1310 831 1413 Appiadesque
850 1314 938 1386 Deae.

200 1438 288 1510 Sunt
304 1465 439 1538 quoquc
453 1465 525 1510 non
543 1434 644 1509 dubia
661 1435 811 1535 quaedam
827 1435 913 1510 mala
926 1436 1065 1510 nomina
1078 1436 1184 1511 lama:

248 1562 404 1661 Deceptae
420 1589 439 1633 a
459 1558 573 1632 multis
589 1560 714 1633 crimen
731 1561 872 1634 amantis
891 1560 1025 1634 habent

202 1684 330 1757 Discite
347 1684 390 1756 ab
407 1680 543 1756 alterius
556 1683 674 1757 vestris
690 1684 840 1757 timuisse
859 1680 1024 1784 querelis:
1225 1706 1277 1776 455

248 1807 358 1879 Janua
371 1804 480 1879 fallaci
497 1833 557 1879 nec
575 1807 619 1879 sit
635 1825 749 1908 aperta
766 1808 848 1880 viro.

201 1928 351 2018 Parcite,
369 1927 587 2029 Cecropides,
603 1929 729 2028 juranti
745 1928 876 2004 credere
894 1929 1043 2019 These03

200 2149 321 2209 ponunt,
341 2158 399 2210 quae
417 2151 520 2195 vestem
538 2141 621 2211 ipsam
643 2152 715 2197 arcte
763 2141 805 2196 has
822 2151 932 2208 autem,
960 2141 1021 2211 quia
1039 2139 1155 2209 decepte
1177 2152 1280 2196 sunta

201 2219 345 2290 adstringat
353 2260 361 2286 ,
370 2220 508 2290 pluresque
517 2241 593 2292 rugas
601 2222 654 2275 sire
665 2222 717 2291 pli·
764 2224 852 2278 multis
862 2265 870 2293 ,
880 2225 959 2278 etiam
966 2224 1028 2277 alios
1036 2222 1259 2293 voluntdecipere
1271 2247 1279 2290 ;

201 2318 243 2352 cas
255 2300 338 2353 saciat.
357 2299 472 2370 Scaliger
483 2304 581 2368 Irbfflla
599 2302 715 2372 legebat:
765 2313 792 2355 et
804 2302 840 2356 ita
851 2302 900 2373 legi
913 2313 999 2372 posset
1010 2302 1038 2355 in
1048 2311 1218 2372 pentametro
1232 2320 1239 2353 :

202 2377 273 2447 quod
284 2377 424 2431 confirmat
435 2379 575 2445 Grutqrus⁸
587 2382 631 2448 qui
642 2401 656 2432 e
668 2401 716 2434 suo
789 2389 879 2437 Deceptae
887 2401 898 2424 a
907 2387 974 2425 miultis
981 2388 1053 2425 crimen
1062 2387 1143 2425 amantis
1151 2396 1227 2427 amant.

202 2455 291 2509 codice
308 2457 388 2523 dkula
406 2455 519 2509 adducit.
540 2457 575 2510 Et
588 2477 603 2509 e
615 2457 715 2527 glossa,
766 2459 868 2513 Imitari
888 2473 978 2515 amant
995 2471 1143 2522 amantem,
1167 2463 1213 2531 qui
1233 2482 1280 2517 eos

203 2551 262 2602 quae
271 2531 377 2586 videtur
391 2532 439 2586 alia
455 2533 531 2586 fuisse
546 2533 644 2600 lectio,
666 2539 716 2588 ἰηι-
764 2535 886 2606 decepit;
901 2538 946 2591 sed
960 2537 1128 2592 incommode
1142 2549 1205 2591 tunc
1218 2540 1278 2593 sin-

198 2631 281 2679 pezas
291 2615 388 2679 lr'rrgula
396 2631 464 2664 neza
470 2632 564 2665 comas.
571 2613 605 2666 D.
615 2614 716 2668 Herus.
765 2613 861 2684 gularis
871 2613 912 2667 ille
927 2621 1038 2668 amantis
1050 2614 1154 2668 additur
1166 2628 1198 2688 sq}
1211 2620 1279 2670 nsul-
1333 2619 1335 2623 ’

204 2687 274 2740 Vide
293 2688 461 2755 Ferrarium,
483 2688 525 2741 tib.
545 2689 604 2756 III,
627 2689 660 2743 de
675 2691 715 2745 Re
765 2698 808 2744 lis.
818 2693 911 2761 Quare
923 2713 985 2746 cum
996 2695 1209 2749 Francosurtensi
1219 2715 1277 2765 pos·

203 2769 714 2838 Vest.cap.7;qui,praeter0vidium,
764 2781 804 2823 set
823 2770 892 2840 legi,
915 2777 1008 2822 crimen
1028 2777 1139 2832 amon'53
1163 2772 1210 2825 sed
1229 2793 1278 2827 se·-

203 2849 340 2902 neminem
349 2853 477 2916 ungulam
488 2848 578 2902 dixisse
591 2860 673 2902 notat.
765 2851 873 2919 quentia
884 2851 968 2919 potius
980 2850 1108 2918 suadent,
1118 2852 1174 2906 baec
1186 2854 1279 2907 ornuia

235 2930 293 2997 452.
305 2929 560 2998 AppiadesqueBcoe.
569 2929 717 2998 Hujusloci
765 2930 798 2983 de
809 2929 870 2982 viris
881 2929 1012 2983 fallacibus
1024 2951 1079 2985 esse
1091 2931 1235 3002 capIenda,
1246 2944 1277 2986 ut

202 3007 282 3061 etiarn
297 3006 393 3060 Caclius
405 3004 570 3076 Rhodiginus
583 3007 715 3074 meminit,
765 3008 888 3077 exemplis
903 3008 1034 3063 Ariadnes
1046 3021 1073 3065 et
1087 3011 1213 3083 Phyllidis
1225 3011 1276 3066 de-

203 3086 246 3140 lib.
262 3085 333 3151 XII,
347 3101 441 3155 cap.1;
456 3083 503 3138 sed
516 3086 607 3156 etipse
620 3085 716 3139 eodem
764 3096 916 3155 ceptorum,
930 3105 992 3140 mox
1003 3089 1165 3157 comprobat
1334 3086 1339 3093 ’

203 3167 284 3221 modo
293 3166 335 3238 (ut
345 3164 463 3235 Merula)
474 3166 506 3221 de
517 3168 640 3234 Venere,
653 3167 716 3221 Pal·
798 3165 854 3230 455.
868 3165 969 3218 nescite
979 3169 1012 3216 ab
1023 3168 1129 3218 alterius
1138 3168 1230 3217 vestn's
1242 3170 1279 3218 tr·-

203 3248 277 3314 Iade,
298 3247 465 3314 Concordia,
484 3250 571 3313 Pace,
588 3258 615 3301 et
632 3250 715 3302 Vesta
746 3244 749 3248 ⁴
764 3246 973 3310 mar'ssequerelr's.
984 3243 1040 3296 Nec
1049 3243 1189 3297 bicsensus
1198 3262 1279 3312 aper·

204 3328 316 3399 exponit,
325 3329 462 3395 Ambae&
475 3328 507 3381 ab
519 3327 715 3396 Appiaaquain
764 3328 806 3371 tus
816 3318 895 3372 satis:
909 3319 1044 3387 quomodo
1058 3321 1130 3373 enirn
1143 3321 1277 3375 timebunt

203 3407 292 3458 forum
304 3402 414 3459 casaris
424 3403 590 3470 introducta,
603 3404 715 3474 adpella-
764 3395 1045 3464 aquaretistltmmtse
1051 3398 1278 3453 tarnuanense

204 3494 243 3537 tas
255 3482 342 3535 sentit.
355 3482 460 3534 Mrcrc.
763 3491 806 3525 sex
819 3486 824 3520 τ
838 3473 866 3523 in
877 3473 1009 3542 Neapolit.
1022 3476 1276 3544 ctBeruensierat,

237 3559 293 3625 453.
312 3559 377 3610 Sum
390 3576 485 3626 quoque
504 3576 554 3609 aon
572 3560 650 3609 dubia
666 3568 715 3612 etc.
763 3554 883 3605 caruisse.
895 3551 986 3619 Quare
999 3551 1132 3621 legerem:

204 3636 290 3690 Low,
306 3637 459 3701 intricatus,
477 3647 504 3688 eq
518 3637 592 3705 cuius
607 3656 715 3690 sensum
763 3633 839 3670 Discite
847 3633 871 3670 ab
879 3635 972 3681 alterius,
981 3634 1036 3673 robis
1048 3636 1137 3683 cavisse,
1146 3635 1239 3687 querelis.
1334 3671 1337 3677 ,

204 3713 245 3765 vix
255 3712 388 3783 per-sirico.
405 3713 434 3766 Si
447 3712 479 3766 de
491 3713 581 3783 puellis
593 3724 668 3784 agat,
686 3724 715 3768 ut
765 3705 790 3758 Α
803 3706 919 3774 querelis
931 3706 1102 3777 deceptarum
1112 3709 1278 3779 puellarum,

204 3789 310 3844 Merula
327 3791 411 3860 capit,
434 3811 524 3845 sensus
539 3811 593 3844 esse
611 3802 714 3861 posset,
765 3789 1279 3857 quarumexemplamoxsubjiciam,dis·

205 3886 259 3919 esse
272 3867 415 3937 quasdam,
432 3868 525 3936 quibus
537 3878 638 3921 constat
650 3867 715 3920 nul·
764 3867 813 3920 cite
827 3867 899 3920 vobis
909 3887 1000 3921 cavere
1013 3883 1018 3917 :
1030 3879 1119 3937 etseq.
1131 3884 1206 3920 versu
1220 3867 1279 3922 tte-

205 3941 257 3994 lam
264 3962 318 3997 esse
326 3943 475 3998 habendam
484 3945 580 4009 fidem,
590 3955 716 4015 quaesunt
766 3944 837 4014 gius,
846 3950 943 4010 necsr't,
953 3944 1073 3999 Francos.
1080 3965 1128 3999 sor
1135 3949 1184 3995 sil:
1192 3947 1279 4012 probo

205 4016 311 4072 indubie
323 4025 393 4073 mala
403 4028 517 4088 romeus,
532 4033 562 4076 ut
574 4023 716 4077 creditores
766 4022 843 4093 Regii
853 4022 1026 4091 scripturam,
1041 4041 1121 4092 quarn
1129 4021 1276 4077 Bcrsrnan-

205 4093 345 4166 dicuntur,
361 4098 404 4166 qui
417 4097 498 4152 tidem
508 4119 562 4155 uon
573 4109 714 4171 prestant:
766 4121 816 4157 nus
828 4102 960 4173 expressit.
972 4102 1071 4160 Busta.
1115 4124 1120 4133 ·
