2798 4702
226 318 286 385 ¹9²
497 293 536 357 P.
574 291 748 362 OVIDII
776 294 1003 366 NASONIS
1046 297 1049 301 ’

262 431 386 507 Tristia
402 457 479 504 cunr
497 459 618 524 magno
638 433 757 510 damna
771 434 898 536 pudore
919 437 992 510 tuli.

215 552 309 624 Hanc
326 548 423 622 etiam
440 574 511 620 nou
528 565 579 623 est
595 577 668 624 mea
686 549 861 647 dedignata
874 551 986 653 puella

262 662 414 739 Molliter
430 663 564 740 admota
581 662 758 740 sollicitare
775 696 894 756 manu;

213 780 280 856 Sed
295 798 473 882 postquam
488 776 601 855 'nullas
620 811 821 878 consurgere
838 812 937 885 posse
952 812 1013 885 per
1029 801 1136 872 artes,
1251 804 1284 874 7⁵

261 900 556 999 Immemoremque
574 899 626 971 sui
643 900 882 1000 procubuisse,
898 901 1006 988 videt;

214 1013 308 1111 Quid
324 1043 375 1089 me
393 1011 500 1102 ludis,
520 1014 589 1087 ait?
605 1014 681 1115 quis
701 1033 753 1103 te,
770 1016 854 1092 male
872 1047 970 1106 sane,
985 1017 1126 1117 jubebat

261 1131 407 1205 Invitum
423 1148 542 1207 nostro
562 1159 686 1231 ponere
701 1133 849 1207 membra
868 1135 972 1208 toro?

213 1248 284 1322 Aut
300 1267 332 1322 te
350 1248 493 1346 trajectis
511 1248 601 1322 AEaea
616 1246 759 1322 venefica
775 1247 860 1323 lanis

262 1367 429 1439 Devovet:
444 1382 502 1438 aut
519 1362 584 1437 alio
601 1363 708 1440 lassus
725 1394 836 1439 amore
852 1366 954 1440 venis.

213 1482 282 1556 Nec
300 1509 415 1554 mora:
431 1477 565 1553 desiluit
584 1481 695 1554 tunica
711 1480 817 1556 velata
833 1482 997 1569 recincta;
1083 1536 1085 1542 -

263 1598 308 1668 Et
324 1595 435 1669 decuit
451 1594 563 1668 nudos
581 1596 787 1696 proripuisse
804 1596 915 1697 pedes.

212 1715 300 1785 Neve
319 1739 386 1785 suae
402 1728 541 1813 possent
555 1711 711 1784 intactam
729 1711 811 1786 scire
829 1714 1005 1801 ministre,

261 1825 413 1900 Dedecus
430 1825 496 1900 hoc
514 1843 622 1899 sumta
638 1825 857 1900 dissimularit
873 1856 967 1927 aqua.

213 2026 333 2079 Francos.
347 2024 469 2078 Scnvern
479 2035 506 2078 et
516 2024 639 2078 duoalu
649 2023 721 2094 quod
768 2027 858 2095 mica,
865 2024 910 2077 sed
919 2025 999 2083 Αἷσα
1011 2040 1060 2093 pro
1069 2021 1201 2089 Colchica
1210 2024 1279 2077 bene

213 2107 315 2161 admitti
329 2116 414 2177 posset
431 2124 463 2159 eo
473 2125 553 2159 sensu
563 2124 638 2175 ,quo
653 2104 722 2158 vidi·
769 2120 797 2155 se
810 2101 898 2154 habet.
912 2100 1014 2153 Hasna.

213 2184 374 2249 onustiori,
390 2183 526 2250 Amorqx
543 2145 589 2247 ab3
602 2182 648 2236 sed
658 2194 722 2236 tunc
803 2180 842 2233 81.
857 2180 1006 2231 Necmra:
1016 2176 1134 2228 dissiluit.
1147 2174 1222 2239 lmo,
1237 2179 1282 2228 de-

214 2224 453 2353 distinguendum.
473 2263 523 2312 Per
539 2267 564 2312 le
582 2263 723 2326 deceptus:
769 2260 853 2317 siiuii,
865 2266 895 2309 ut
905 2265 942 2309 est
954 2274 981 2307 rn
991 2252 1159 2307 melioribus:
1169 2250 1201 2303 de
1211 2253 1282 2307 lecto

212 2343 313 2391 inermis
329 2339 483 2390 Trisiiactc.
494 2340 559 2388 iuli:
571 2346 598 2389 et
611 2336 722 2389 itavul-
771 2332 897 2387 videlicet.
923 2332 966 2386 Sic
982 2328 1161 2401 supraElegia
1175 2328 1280 2399 prima,

214 2425 272 2484 gata
286 2413 363 2468 lectio
375 2413 456 2466 videri
471 2424 557 2484 posset
570 2413 681 2466 formata
692 2433 723 2466 ex
772 2409 804 2465 de
819 2411 938 2464 Corinna
949 2408 1058 2500 itidem·

213 2490 290 2544 simili
304 2491 362 2544 loco
373 2490 465 2543 Amor.
477 2490 603 2554 rr,x,3.
622 2490 722 2543 Buris.
770 2495 909 2547 nummo
856 2502 931 2534 ωοωι
938 2502 982 2532 rua·
982 2489 1135 2530 „murnum
1136 2498 1173 2527 ι..
1184 2487 1266 2529 nm..

249 2574 287 2640 75.
307 2575 462 2639 Consurgere.
487 2570 593 2624 Rectius
611 2572 677 2624 sorte
693 2570 721 2622 in
804 2575 843 2625 82.
861 2573 1022 2638 Prorr'puisse.
1042 2567 1150 2637 Legitur
1163 2577 1190 2620 et
1204 2586 1280 2634 pm-

214 2647 395 2716 manuscriptis
407 2647 594 2716 exemplaribus
609 2646 720 2717 legitur,
769 2651 893 2714 ripuisse:
906 2657 1048 2715 utrumque
1060 2655 1138 2698 recte,
1150 2643 1230 2696 Mau.

214 2742 355 2792 assurgere,
371 2723 398 2776 id
413 2735 450 2777 est
460 2729 545 2790 artigi.
556 2723 635 2775 Mun.
651 2726 723 2776 Corr-
804 2728 843 2792 84.
858 2728 974 2778 Dedecus
988 2726 1035 2777 doc
1045 2730 1130 2776 sumta
1141 2733 1189 2776 etc.
1206 2722 1280 2776 Nihil

213 2820 324 2868 surgere,
340 2800 468 2852 meliores.
476 2801 629 2866 Exsurgere,
639 2798 722 2852 Junii.
771 2803 882 2855 omnino
896 2801 927 2854 ad
940 2800 1007 2854 banc
1023 2801 1132 2870 elegiam
1143 2799 1280 2853 adnotan-

250 2900 288 2953 79.
298 2883 384 2933 huis.
391 2879 722 2933 Excantatorcsenimduas
772 2882 835 2934 dum
845 2880 1279 2946 existimavi,siresensus,sivemof

214 2956 359 3028 imagines,
373 2956 471 3010 exlana
480 2954 604 3020 alteram,
614 2955 722 3008 alteram
770 2977 829 3010 rum
842 2967 968 3025 respectu.
981 2956 1080 3012 Sensus
1094 2959 1189 3028 quippe
1200 2958 1278 3025 satis,

215 3056 246 3088 ex
258 3054 316 3088 cera
327 3035 461 3105 fingebant
471 3053 477 3087 :
489 3032 563 3085 lanea
576 3032 660 3100 major
670 3051 722 3085 ce·
769 3053 804 3087 ne
822 3034 936 3086 nimium
954 3032 1057 3102 dicam,
1079 3037 1169 3089 obrius
1183 3055 1189 3087 :
1206 3034 1278 3105 quod

215 3133 288 3166 rearn
307 3114 433 3184 urgebat;
458 3131 533 3166 cerea
554 3122 643 3164 autem
665 3120 720 3165 tota
768 3129 833 3164 vero
849 3110 882 3164 ad
895 3130 983 3165 mores
999 3123 1113 3183 spectat,
1135 3113 1220 3166 tenuit
1233 3131 1277 3165 me

215 3191 311 3245 acubus
319 3191 397 3244 infixa
407 3190 439 3244 ad
451 3190 540 3261 ignem
549 3187 719 3258 liquescebat,
768 3190 866 3260 pudor,
882 3191 927 3261 qui
938 3192 1021 3245 vetuit
1036 3192 1099 3245 olim
1115 3211 1149 3246 ne
1165 3191 1278 3261 Quinti·

214 3271 243 3324 in
255 3274 326 3343 ejus,
346 3272 390 3342 qui
401 3271 595 3337 devovebatur,
608 3285 719 3339 ponam.
768 3269 852 3325 lienus
863 3273 994 3323 Horatium
1002 3277 1029 3324 iu
1037 3275 1185 3340 quibusdam
1193 3271 1277 3325 inter·

215 3381 248 3393 -
257 3353 399 3424 Perperam
409 3350 600 3417 multicodices,
613 3352 721 3402 anue-
768 3358 923 3418 pretaretur.
936 3348 1020 3402 lnstit.
1032 3365 1055 3415 1,
1072 3351 1109 3415 ¹4·
