2798 4702
176 315 243 401 440
450 313 489 378 r.
522 312 708 381 ovrnu
737 292 969 381 nusonrs

223 458 360 529 Etcum
378 450 580 526 Callimacho
599 469 634 524 tu
652 480 802 553 quoque,
819 454 904 541 Coi,
921 481 1031 528 noces.
1207 479 1263 547 76⁰

175 573 234 647 Me
249 588 337 644 certe
354 570 490 670 Sappho
507 567 676 643 meliorem
692 568 772 642 fecit
788 569 920 658 amicae3

223 690 292 761 Nec
308 686 435 782 rigidos
453 715 563 760 mores
578 688 659 759 Teia
676 687 775 758 Musa
793 685 895 758 dedit.

176 803 332 879 Carmina
348 804 423 904 quis
441 802 553 903 potuit
572 818 645 874 tuto
663 799 782 896 legisse
799 800 944 888 Tibulli,

226 918 295 993 Vel
306 937 379 1008 tua,
398 921 492 1018 eujus
511 946 598 1020 opus
616 917 761 1018 Cynthia
779 916 849 992 sola
864 917 952 992 suit?

178 1035 265 1131 Quis
282 1035 396 1136 potuit
411 1033 498 1123 lecto
516 1033 620 1106 durus
637 1032 804 1108 discedere
823 1032 949 1108 Gallo?
1205 1055 1261 1124 765

226 1155 271 1225 Et
288 1182 360 1225 mea
377 1151 489 1225 nescio
506 1151 587 1250 quid
607 1151 751 1225 earmina
770 1149 866 1224 dulce
884 1168 1014 1225 sonant.

180 1267 301 1364 Quod,
320 1267 386 1340 nisi
404 1266 471 1339 dux
490 1266 601 1367 operis
616 1284 722 1341 vatem
738 1267 918 1342 frustratur
932 1266 1079 1368 Apollo,

227 1382 383 1457 AEmulus
401 1401 450 1456 est
467 1384 573 1456 nostri
592 1383 732 1457 maxima
748 1412 844 1457 eausa
860 1381 949 1456 mali.

178 1501 226 1573 At
243 1516 279 1572 tu
297 1498 430 1572 rivalem
448 1499 518 1572 noli
538 1500 601 1573 tibi
619 1498 742 1595 lingere
760 1525 983 1599 quemquam:

227 1618 335 1716 Inque
349 1645 411 1689 suo
430 1615 532 1690 solam
551 1616 646 1691 crede
663 1617 769 1713 jacere
786 1633 871 1688 toro.

175 1732 298 1808 Acrius
319 1735 520 1807 Hermionen
540 1733 616 1808 ideo
636 1733 753 1807 dilexit
770 1734 928 1819 Orestes,

228 1853 310 1924 Esse
329 1851 418 1951 quod
436 1849 572 1923 alterius
590 1867 734 1949 coeperat
750 1847 807 1922 illa
822 1848 894 1920 viri.

180 1967 292 2064 Quid,
305 1966 473 2055 Menelai,
490 1947 608 2040 doles?
625 1966 697 2039 ibas
715 1965 786 2038 sine
805 1965 945 2064 conjuge
965 1965 1105 2054 Creten,

228 2082 274 2162 Et
291 2108 423 2190 poteras
441 2108 546 2192 nupta
562 2089 673 2165 lentus
689 2091 806 2165 abesse
823 2104 888 2161 tua.

178 2213 227 2286 Ut
243 2215 336 2288 Paris
352 2215 438 2288 haue
454 2216 580 2314 rapuit,
596 2221 685 2288 nunc
704 2215 837 2287 demum
853 2239 957 2286 uxore
976 2238 1086 2284 carere
1201 2236 1257 2306 775

227 2341 305 2410 Non
324 2357 444 2438 potes:
460 2339 595 2413 alterius
612 2340 715 2414 crevit
727 2368 836 2413 amore
856 2355 943 2412 tuus.

179 2463 256 2533 lloc
275 2462 357 2535 etin
374 2463 516 2536 abducta
533 2462 683 2536 Briseide
700 2461 801 2536 llehat
819 2460 988 2551 AchilleS,

226 2581 322 2656 Illam
340 2582 527 2658 Plisthenio
543 2584 663 2678 gaudia
681 2583 764 2658 lerre
782 2601 869 2657 toro.

179 2707 248 2780 Nec
266 2706 389 2781 frustra
404 2707 521 2797 ssebat,
537 2708 620 2781 mihi
638 2708 760 2782 credite
776 2739 783 2781 :
799 2707 877 2782 lecit
893 2707 1053 2782 Atrides:

215 2899 269 2968 761.
283 2899 389 2965 Sappho,
407 2899 481 2967 cujus
493 2918 573 2969 opera
585 2900 696 2953 suerunt
748 2903 836 2955 Vestri
844 2899 1052 2955 Vaticanuszsed
1061 2899 1098 2952 nit
1109 2917 1184 2968 opus.
1193 2899 1259 2953 Vid.

179 2974 282 3042 lasciva,
294 2986 322 3028 ut
331 2977 384 3045 ipse.
394 2977 429 3029 ait
439 2978 509 3030 Naso
520 2977 548 3030 iu
559 2978 623 3030 Arte
634 2978 694 3030 Am·
744 3002 823 3053 supra
836 2984 893 3036 683,

214 3054 269 3122 762.
283 3055 309 3106 Τ
304 3063 345 3107 eia
352 3055 437 3108 Musa.
450 3056 591 3109 Anacreon
599 3057 696 3125 pariter
780 3082 835 3132 77²·
846 3064 1028 3121 Altenbsviri,
1043 3059 1259 3131 scilicethrth

178 3132 303 3199 lascivus,
326 3133 400 3201 cujus
422 3134 506 3204 patria
527 3135 614 3201 Teos,
633 3135 695 3188 urbs
778 3142 833 3210 778.
845 3143 905 3192 Viro
916 3142 1064 3192 Plisthenio.
1076 3135 1260 3191 Plistheuium

178 3211 269 3265 Ionioe.
743 3215 1261 3286 virum,Agamemnonemvocat,aPlis-

213 3289 268 3359 764·
289 3291 398 3361 Cyssfdt'ss
416 3294 480 3343 5010·
502 3291 576 3344 Hinc
589 3302 695 3361 apparet
745 3295 824 3350 thene
838 3307 911 3365 patre
924 3294 1134 3365 Agamemnonis
1146 3304 1174 3346 et
1187 3295 1261 3347 Me-

179 3369 314 3440 Propertii
328 3373 617 3429 carminainscribenda
627 3384 695 3433 CYN-
743 3374 820 3427 nelai.
833 3374 900 3426 Tres
909 3374 982 3426 enim
991 3370 1215 3440 fueruntPelopis
1223 3370 1262 3423 fi—

179 3458 252 3506 ΤΗΙΔ
271 3463 476 3508 monestrum.
494 3453 563 3507 Vide
576 3453 694 3509 Broulh.
742 3451 1084 3523 lii,Atreus,Thyestes,et
1093 3447 1262 3503 Plisthenes:

177 3531 210 3585 ad
230 3533 336 3586 initium
349 3544 441 3602 poetae.
744 3548 859 3598 quorum
874 3528 982 3582 ultimus
994 3527 1142 3596 hic,qnum
1152 3526 1263 3593 juvenis

216 3609 271 3677 7136.
288 3613 406 3663 canam
418 3612 600 3663 dulcisonam.
610 3612 695 3664 Dulce
744 3608 831 3663 adhuc
848 3608 919 3661 diem
937 3608 1057 3665 obiisset.
1070 3605 1166 3658 relictis
1179 3604 1264 3675 Aga-

181 3695 279 3740 camml
289 3687 343 3740 duo
350 3686 438 3756 scripti
446 3707 452 3739 :
461 3690 517 3740 lene
526 3695 620 3740 sonari
628 3707 695 3757 qua·
744 3704 890 3740 memnone
899 3697 926 3738 et
937 3685 1062 3738 Menelao
1074 3682 1147 3749 saliis,
1157 3682 1262 3736 horum

183 3773 245 3816 tuor
259 3769 355 3817 :molle
371 3765 483 3818 malebat
494 3765 629 3820 Francius
743 3785 834 3819 curam
843 3766 940 3818 Atreus
949 3765 976 3817 in
988 3783 1015 3817 se
1022 3762 1149 3832 suscepit,
1158 3780 1260 3830 eosque

218 3843 273 3910 767.
294 3847 370 3910 Quod
374 3850 482 3898 ni‘siete.
498 3847 608 3911 Qoim'si
614 3846 694 3898 Fran·
743 3843 871 3897 educavit
882 3844 969 3912 Atque
978 3842 1041 3895 hinc
1048 3851 1087 3894 est
1095 3838 1167 3909 quod
1175 3841 1261 3892 etiam

179 3920 353 3990 cosuetsorte
367 3943 414 3993 pro
427 3927 492 3989 (lorii
501 3943 508 3975 :
518 3922 609 3976 ultima
618 3923 694 3977 litera
743 3924 985 3986 Aiririaevocantur‚
992 3937 1145 3989 quanquam
1157 3918 1261 3970 Home·

179 3994 304 4065 absorpta
317 4000 367 4052 suit
379 4021 393 4053 a
405 4001 542 4069 sequenti,
556 4006 615 4054 aiii.
743 4021 788 4054 rus
796 4003 851 4056 sere
860 4003 1073 4072 ubiqueAiridas
1085 4010 1175 4064 vocet,
1185 3998 1261 4052 nrrlla

212 4073 267 4145 768.
289 4076 381 4132 Nostri
393 4084 507 4135 marrim
525 4100 605 4136 consa
623 4084 693 4135 maii.
743 4079 886 4136 Plisthenis
899 4082 966 4138 sacto
974 4078 1120 4134 mentione.
1133 4077 1242 4131 Mtcrr..
