2798 4702
408 377 646 444 AMORUM
679 380 730 444 ll.
760 374 907 447 ELEG.
940 381 1006 447 IV.
1198 385 1240 476 87

172 517 248 591 Sive
265 545 388 618 procax
405 517 517 618 aliqua
532 537 598 602 est;
618 521 751 622 capior,
770 521 848 622 quia
864 521 988 596 rustica
1005 551 1075 597 non
1094 541 1166 612 est,

222 633 388 735 Spemque
406 633 462 706 dat
477 634 511 706 in
528 634 621 708 molli
638 635 774 710 mobilis
787 665 858 710 esse
875 654 961 711 toro.

173 749 301 849 Aspera
318 750 346 822 si
365 751 434 824 risa
451 769 518 838 est,
537 751 728 854 rigidasque
745 754 872 828 imitata
889 754 1049 846 Sabinas;
1214 782 1243 831 ιῡ

223 864 332 954 Velle,
351 866 409 940 sed
425 895 465 941 ex
481 867 549 941 alto
568 869 791 958 dissimulare,
810 889 906 973 puto.

173 980 249 1054 Sive
267 1009 302 1056 es
323 983 437 1071 docta;
457 984 567 1086 places
584 1015 673 1060 raras
691 987 804 1061 dotata
822 1017 883 1089 per
898 1005 1005 1061 artes:

223 1098 298 1172 Sive
316 1101 428 1188 rudis;
447 1102 568 1203 placita
587 1132 622 1178 es
640 1103 851 1207 simplicitate
871 1123 937 1178 tua.

176 1214 253 1299 Est,
272 1244 345 1316 quae
361 1218 555 1294 Callimachi
571 1249 639 1322 prae
656 1222 783 1296 nostris
801 1223 924 1296 rustica
943 1220 1030 1295 dicat

224 1331 401 1406 Carmina:
420 1336 473 1408 cui
491 1335 625 1436 placeo,
645 1338 801 1439 protinus
819 1338 893 1439 ipsa
909 1336 1027 1438 placet.
1211 1372 1244 1407 20

174 1447 236 1521 Est
252 1450 367 1537 etiam,
388 1480 460 1552 quae
475 1481 527 1527 me
545 1471 667 1541 vatem,
687 1473 721 1528 et
738 1483 810 1528 mea
827 1452 971 1528 earmina
989 1451 1121 1553 culpet:

225 1564 400 1666 Culpantis
418 1568 549 1670 cupiam
567 1571 764 1644 sustinuisse
781 1570 898 1644 lemur.

176 1680 325 1756 Molliter
341 1684 480 1773 incedit,
498 1705 592 1760 motu
611 1688 700 1788 capit
715 1687 839 1762 :altera
857 1687 940 1761 dura
953 1705 1020 1774 est;

224 1799 272 1870 At
288 1801 412 1899 poterit
429 1818 518 1875 tacto
535 1801 670 1876 mollior
686 1832 757 1877 esse
775 1803 857 1876 viro.

178 1912 256 1987 Hac
273 1916 349 2015 quia
365 1916 460 1991 dulce
480 1919 586 2007 canit,
605 1919 773 2021 flectitque
791 1917 946 1994 facillima
962 1947 1093 2006 vocem,
1210 1941 1243 1992 25

210 2117 246 2167 15.
267 2118 424 2185 Rigidasque
442 2123 545 2170 rasitata
565 2120 682 2173 Sabaeas.
765 2120 805 2173 23.
822 2121 939 2173 Molliter
945 2122 1059 2183 secedim
1074 2125 1143 2173 motu
1154 2125 1226 2188 capi!
1235 2141 1243 2172 :

174 2192 269 2246 Juven.
282 2193 337 2247 Sat.
351 2211 385 2262 x,
399 2197 467 2268 298:
729 2201 813 2250 altera
823 2200 944 2251 domest.
958 2202 1079 2263 Incessit,
1094 2200 1244 2254 Puteaueua

342 2287 422 2324 ειωιω
430 2286 560 2326 transonis·
568 2301 632 2327 nom
730 2288 758 2331 et
767 2277 809 2331 alii
820 2279 908 2349 plures
921 2298 928 2332 ε
940 2277 1035 2331 deinde
1046 2278 1147 2346 scribo,
1160 2283 1244 2332 altem

172 2357 372 2405 minueremus,
385 2361 669 2402 eunomiumne-blm.
730 2359 808 2422 dm,
828 2358 925 2412 scilicet
942 2356 1057 2420 incedit3
1079 2367 1106 2408 et
1122 2357 1245 2426 sequenti

173 2428 301 2484 ltascribe
311 2452 341 2483 eu
349 2433 492 2485 veterrimo
504 2434 601 2487 codice.
614 2436 682 2488 Vul-
730 2454 829 2501 versu,
851 2441 955 2503 potem!
972 2438 1073 2486 malleus
1094 2439 1166 2496 isse,
1195 2454 1243 2504 pro

172 2508 238 2579 gali,
252 2511 367 2561 Sobanos.
380 2510 458 2580 Apud
477 2512 596 2581 Propert
610 2533 682 2582 quo·
731 2518 832 2565 molirer
839 2532 904 2566 esse.
918 2513 1018 2565 Herus.
1031 2540 1064 2551 —
1076 2513 1169 2564 Altera
1179 2516 1244 2566 dnm

172 2604 223 2654 que
232 2601 265 2654 ιι,
273 2587 313 2639 El.
323 2604 403 2653 xxm,
417 2589 473 2655 103,
484 2591 551 2643 male
568 2591 682 2661 legitur:
730 2598 777 2645 est.
791 2591 928 2660 lngeniose
941 2589 1048 2660 quidem
1061 2591 1154 2644 Heins-
1167 2595 1241 2654 dure,

172 2669 367 2720 quiqu-ramum
376 2672 557 2725 veremoumque
569 2674 656 2712 ratim
730 2688 779 2738 pro
790 2672 854 2721 dura
869 2676 922 2731 cst,
941 2667 1083 2739 legendum
1100 2671 1243 2739 proposuit.

175 2741 229 2793 Pro
246 2744 369 2808 durasque
385 2743 493 2797 Sabinu
512 2765 520 2797 .·
540 2745 592 2816 agit
609 2747 682 2800 enim
733 2747 884 2801 Praesumsit
904 2747 976 2801 enim
995 2748 1185 2816 exquisitissimi
1204 2750 1245 2803 vir

175 2818 208 2870 de
220 2818 365 2888 puellarum
373 2822 503 2888 moribus3
517 2834 544 2877 et
554 2843 614 2877 mox
622 2825 682 2879 sub·
730 2825 820 2896 judicii
830 2837 914 2897 poetae
924 2838 1043 2880 mentem
1056 2848 1126 2895 esse,
1146 2828 1244 2898 puellas

174 2896 261 2966 iungi!
272 2897 326 2967 ἰρκ
338 2912 345 2948 ²
732 2926 824 2961 omnes
836 2907 883 2961 sibi
895 2906 995 2977 placere
1006 2947 1013 2972 ,
1026 2926 1073 2958 seu
1085 2910 1197 2958 molleter
1205 2907 1244 2958 in·

174 2982 651 3034 Quodmenonjnfflsisimiunsmtw.
732 2985 841 3051 cedant,
854 2985 907 3038 sive
920 2988 999 3048 dum
1015 2995 1042 3036 et
1055 3003 1139 3036 unum
1151 2984 1187 3036 sic
1200 2983 1244 3035 al-

173 3055 217 3108 Sic
230 3057 338 3128 Noster,
350 3063 463 3112 ttrceltas
476 3062 552 3113 Tatio
563 3068 684 3130 regnam
732 3065 782 3121 teri
791 3062 989 3133 opponendum.
1002 3061 1055 3115 scd
1068 3061 1130 3130 quid
1145 3071 1202 3113 turn
1211 3059 1245 3114 de

173 3137 288 3189 Sabotam.
299 3136 398 3191 Burin.
731 3143 852 3212 sequenti
864 3161 938 3193 versu
950 3159 957 3192 ι

208 3217 245 3267 15.
259 3220 343 3276 Velle,
352 3219 402 3268 sed
405 3220 498 3270 exalto
505 3219 681 3280 dissimulem,
842 3222 916 3262 1’01‘151
927 3229 978 3259 ”⁶¹0
988 3221 1114 3258 ³¹⁰lll⁰m⁹⁰
1124 3221 1187 3259 '²¹⁰²

168 3300 239 3360 puto.
252 3292 295 3345 Et
306 3298 361 3347 alto
371 3294 494 3368 Micyllus
505 3293 547 3348 hic
555 3296 682 3366 interpre·
732 3295 814 3352 Unde
827 3305 912 3366 patet,
924 3313 979 3347 non
991 3292 1032 3346 lric
1045 3294 1085 3363 agi
1098 3293 1131 3348 de
1143 3295 1247 3349 incessu

175 3381 244 3422 tatur
255 3410 262 3437 ,
268 3372 422 3439 fastidiose,
431 3376 549 3441 superbe,
564 3375 635 3442 quasi
644 3379 683 3427 al·
733 3381 801 3440 duro,
811 3375 856 3429 sed
865 3374 896 3427 de
904 3383 1028 3426 motuum
1036 3374 1153 3443 corporis
1161 3374 1246 3445 rigidi·

173 3455 209 3502 tis
225 3450 382 3518 superciliis;
404 3461 431 3505 et
442 3459 551 3520 procaci
565 3452 683 3507 consulte
733 3467 794 3510 tate.
807 3453 876 3524 Quis
887 3452 926 3506 sui
940 3471 994 3505 non
1005 3491 1012 3518 ,
1024 3450 1052 3504 in
1064 3451 1246 3520 conjiciendo,

173 3527 560 3597 opponitur.Burmann.vero,
573 3531 684 3584 cuiram
733 3534 852 3600 dittidat,
871 3550 952 3602 quum
974 3548 1055 3599 usque
1075 3528 1141 3582 adeo
1159 3549 1248 3584 errare

172 3607 317 3662 admodum
328 3609 423 3679 placet,
434 3609 504 3679 quod
513 3629 569 3663 non
580 3630 610 3664 ex
620 3630 681 3675 suo,
733 3617 819 3686 ipsum
831 3613 973 3667 Heinsium
987 3608 1214 3679 deprehenderit?

171 3687 281 3757 intelligi
293 3687 355 3740 velit
361 3687 488 3757 profunde
500 3692 638 3756 sr‘mulans,·
650 3709 684 3743 ex
767 3695 808 3759 24.
819 3694 859 3744 At
864 3694 961 3759 potent
971 3694 1041 3741 tacto
1053 3697 1100 3741 etc.
1114 3686 1177 3741 Nou
1189 3706 1249 3741 rec-

171 3770 225 3818 allo
232 3767 328 3821 scilicet
335 3773 437 3836 pectore
447 3786 456 3832 ,·
472 3768 611 3838 firmatque
622 3789 684 3822 sen-
734 3772 798 3836 tius,
808 3770 867 3839 qui,
877 3778 907 3821 ut
916 3785 995 3836 quem
1007 3765 1133 3818 volebant
1142 3784 1249 3819 sensum

172 3846 282 3898 tentiam
297 3846 443 3916 Virgiliano
454 3845 504 3899 hoc
514 3866 520 3899 ε
532 3852 619 3898 ruane!
627 3850 684 3901 alta
734 3849 866 3908 elicerent,
877 3852 940 3910 isse,
950 3863 998 3914 pro
1003 3863 1070 3906 esse,
1081 3844 1250 3913 scripserunt.

173 3930 255 3976 orente
281 3932 413 3993 repostum.
438 3923 597 3995 Congruum
619 3924 684 3994 qui-
767 3929 807 3977 25.
819 3928 882 3976 Hac
892 3929 952 3993 queit
964 3926 1039 3976 dulce
1050 3929 1128 3977 canet.
1140 3923 1248 3988 Scribe,

174 4002 235 4056 dem
249 4023 311 4058 cum
324 4010 350 4059 τὶ
360 4006 527 4058 dissimulare.
734 4006 818 4057 Huic:
830 4023 877 4073 pro
882 4007 1016 4073 flectitque
1018 4004 1152 4072 facillima
1162 4022 1250 4056 vocem

208 4101 248 4133 ao.
265 4085 327 4150 Ipsa
339 4087 435 4150 placet.
459 4082 568 4153 Legitur
587 4082 683 4152 etiam,
734 4102 802 4135 unus
817 4081 969 4149 lttedicem,
981 4085 1121 4153 flectique,
1137 4079 1250 4151 eleganti

174 4161 228 4212 illa.
241 4160 320 4216 Mart.
332 4164 394 4230 Ipsa
405 4160 501 4231 scripti.
519 4163 619 4217 liures.
735 4161 876 4231 graecismo.
889 4161 991 4218 linus.
