2798 4702
366 314 602 385 AMORUM
631 317 685 382 11.
721 318 871 386 ELEG.
905 320 950 385 X.
1134 347 1189 391 rrr

172 456 257 527 Ecce
275 452 356 526 duas
371 482 439 525 uno
458 471 605 555 tempore
622 456 729 556 turpis
743 484 827 529 amo.

124 571 274 667 Utraque
292 566 439 640 somrosa
454 586 523 656 est;
541 598 687 669 operosae
703 570 849 645 cultibus
865 572 991 648 ambae:
1179 601 1193 650 5

172 683 334 770 Artibus,
353 683 388 755 in
406 683 510 757 dubio
527 686 680 777 est,sbaec
696 688 756 776 sit,
776 717 817 762 an
836 687 909 777 illa,
927 691 1029 791 prior.

122 798 303 873 Pulchrior
317 799 380 873 hac
397 799 454 873 illa
470 818 536 888 est3
551 802 620 877 hoee
635 822 686 877 est
702 833 835 907 quoqne
850 805 1021 907 pulchrior
1036 805 1112 882 illa:

173 919 219 989 Et
235 917 339 1012 magis
353 917 423 990 haee
436 918 553 1005 nobis,
572 937 606 993 et
623 921 727 1016 magis
745 920 801 994 illa
817 920 935 1022 placet.

125 1036 260 1120 Errant,
280 1050 319 1106 ut
335 1034 442 1108 ventis
458 1034 671 1109 discordibus
687 1054 759 1110 acta
775 1036 911 1124 faselos,

175 1148 422 1251 Dividuumque
442 1167 555 1225 tenent
569 1151 652 1225 alter
671 1169 704 1224 et
719 1151 802 1226 alter
821 1181 925 1226 amor.
1141 1178 1145 1188 ·
1168 1191 1198 1227 ιο

126 1264 220 1362 Quid
236 1266 398 1361 geminas,
416 1268 574 1368 Erycina,
592 1295 685 1340 meos
701 1267 772 1341 sine
789 1267 853 1340 line
870 1265 1028 1340 dolores?

174 1383 294 1455 Nonne
312 1382 431 1455 eratin
448 1410 543 1456 curas
561 1412 626 1456 nna
644 1382 756 1483 puella
777 1383 883 1457 satis?

127 1496 221 1592 Quid
237 1494 317 1569 lolia
333 1496 529 1585 arboribus,
548 1497 630 1598 quid
647 1497 750 1598 pleno
765 1497 873 1571 sidera
888 1496 986 1586 eaelo,

176 1616 218 1686 ln
232 1613 317 1688 freta
331 1613 484 1688 collectas
503 1614 568 1688 alta
586 1615 667 1716 quid
683 1614 779 1688 addis
796 1616 924 1715 aquas?

129 1728 196 1803 sed
215 1746 323 1802 tamen
340 1728 404 1802 hoe
419 1729 552 1818 melius,
570 1759 670 1830 quam
688 1731 715 1802 si
732 1730 802 1803 sine
820 1758 930 1804 amore
944 1731 1082 1829 jacerem
1100 1761 1109 1804 ε
1163 1753 1193 1805 ι5

179 1844 345 1919 Hostibus
362 1847 490 1920 eveniat
506 1845 572 1918 vita
590 1873 700 1919 severa
716 1846 820 1965 meis!

133 2040 637 2112 tupersuasisresduassimulamarinon
684 2040 858 2111 interpretem
873 2052 982 2094 nactum
995 2062 1065 2110 esse,
1080 2045 1124 2113 qui
1136 2064 1200 2097 ver·

132 2141 219 2191 posse,
234 2120 416 2190 inopinantem
429 2120 522 2172 invasit
534 2120 638 2174 alterius
685 2128 769 2185 teret,
783 2139 847 2186 egre
865 2123 931 2172 me'hi
942 2125 1022 2174 ambe
1035 2122 1157 2190 placent!
1170 2123 1197 2178 0

133 2220 206 2252 amor
224 2199 331 2268 puellae,
353 2198 398 2267 qui
419 2197 545 2253 Corinna
564 2199 637 2268 jam,
686 2217 765 2266 quam
779 2198 849 2251 iratis
858 2199 943 2252 Musis
951 2210 977 2253 et
989 2206 1070 2254 iuaiiu
1081 2202 1198 2259 Minerua

133 2278 171 2331 vel
185 2278 344 2350 lipparam,
369 2276 513 2331 detinebar.
685 2286 778 2328 natum
791 2276 862 2330 bunc
874 2298 928 2331 esse
942 2278 1050 2345 dixeris,
1063 2300 1143 2350 quem
1154 2283 1198 2335 su-

164 2359 187 2408 5.
207 2357 322 2422 operosa
334 2358 445 2408 cultibus
459 2357 545 2406 amba.
565 2355 639 2420 Ope-
686 2356 753 2424 gerit
764 2354 890 2424 quidquid
900 2357 977 2410 lateat
987 2356 1029 2410 bic
1038 2360 1198 2425 venustatis,

133 2438 210 2495 tosti,
230 2433 328 2503 Regius
339 2453 345 2486 ι
356 2452 465 2502 operose
474 2439 502 2485 iu
514 2435 637 2495 cultibus,
685 2452 732 2488 seu
740 2432 770 2485 ad
780 2433 950 2497 sententiam,
961 2453 1007 2486 seu
1016 2433 1110 2503 adipso
1119 2435 1198 2487 verba

132 2511 639 2565 Serio-Puellarumhincconditio-
687 2510 844 2579 respexeris!
871 2511 988 2579 quinon
1006 2512 1115 2565 senserit
1132 2531 1200 2564 sua·-

132 2610 193 2643 nem
203 2589 262 2643 ticet
271 2591 416 2659 conjicere;
427 2609 511 2660 quum
524 2591 596 2643 enirn
606 2589 640 2642 de
687 2588 744 2641 vius
751 2587 859 2657 exprimi
868 2607 922 2640 non
932 2607 1004 2657 posse
1011 2599 1109 2642 statum
1117 2591 1199 2644 animi

135 2667 241 2740 Cypassi
251 2669 319 2736 jam,
332 2667 404 2737 Eleg.
415 2684 472 2734 vn,
485 2669 526 2734 23,
536 2667 640 2734 dixerit,
689 2669 732 2737 qui
741 2668 856 2721 delectus
868 2668 1139 2724 ineertissuctuatione
1147 2670 1200 2725 huc

133 2746 204 2813 quod
220 2748 340 2798 omaudis
356 2765 461 2812 opemsu
472 2753 513 2799 es!
526 2750 574 2798 illa
589 2766 641 2818 cu·
689 2757 716 2800 et
728 2742 787 2798 illuc
800 2744 981 2799 indesinenter
996 2749 1165 2817 propellitur!

129 2828 218 2892 pillau,
236 2822 327 2876 dubito
339 2825 425 2877 nullus
441 2824 505 2893 quin
522 2824 565 2878 hic
578 2843 641 2894 quo·
721 2845 744 2896 9.
763 2827 853 2886 Errat,
872 2822 929 2875 ui'a
940 2830 1031 2876 veniit.
1051 2826 1082 2878 ln
1097 2826 1201 2880 veteri-

134 2921 186 2971 que
206 2912 297 2970 agatur
314 2901 346 2954 de
368 2903 440 2956 istius
459 2902 533 2956 modi
554 2903 642 2956 ancil·
667 2906 669 2912 '
688 2901 752 2969 bus,
767 2905 874 2965 Erruui,
888 2902 1200 2974 uiuentis.lrlquemagis

133 2980 179 3041 lis;
194 2990 221 3033 et
238 2978 400 3033 dubitantem
420 2981 555 3048 firmaret,
570 2980 641 3051 quod
689 2980 831 3049 poeticum,
840 2992 866 3033 et
875 2980 907 3032 ad
916 2981 1075 3049 exemplum,
1085 3000 1137 3050 quo
1146 2982 1200 3033 uti-

135 3058 266 3126 sequitur,
285 3063 381 3112 aditus
394 3064 423 3112 iu
439 3063 515 3114 dubio
534 3069 576 3112 esi
594 3070 643 3113 etc.
690 3070 734 3112 tur
752 3069 843 3127 poeta,
863 3059 954 3128 aptius.
970 3055 1049 3111 Ctor.
1062 3086 1096 3097 -
1111 3061 1201 3111 Ventis

136 3135 206 3206 quod
217 3135 249 3189 ad
261 3136 320 3190 alias
332 3137 424 3191 referri
437 3138 478 3189 vix
493 3139 579 3208 possit.
589 3138 644 3191 Ex·
691 3139 849 3189 ducordibus
865 3142 927 3187 acia
937 3136 1048 3204 faselos.
1071 3134 1129 3187 Cur
1145 3155 1202 3189 non

136 3234 223 3268 curare
235 3236 262 3268 se
275 3216 344 3286 apud
356 3216 472 3269 amicum
485 3216 643 3270 crediderim
693 3213 825 3278 Phaselos,
837 3232 920 3282 graeco
931 3231 1019 3279 more,
1033 3231 1140 3281 quuma
1154 3217 1203 3268 ot-

137 3293 207 3360 quod
224 3301 301 3361 turpis
316 3306 387 3348 amet
399 3294 503 3348 ancillas
515 3334 523 3361 ,
541 3305 566 3348 et
579 3298 644 3346 duas
693 3293 778 3354 artae?
798 3291 922 3346 Navicula
935 3302 991 3344 erat
1002 3292 1106 3362 longior
1123 3304 1149 3346 et
1161 3293 1202 3346 si-

137 3369 259 3439 quidem,
268 3372 338 3424 abeo
347 3372 643 3442 ipsaseommendando,
693 3372 748 3424 mul
760 3371 911 3442 angustior,
931 3370 997 3423 mira
1010 3371 1140 3440 imprimis
1151 3393 1203 3427 ve-

137 3447 208 3519 quod
216 3449 242 3501 in
252 3450 300 3502 illis
308 3452 382 3505 unice
390 3451 644 3520 commendandum,
693 3451 795 3505 locitate
808 3462 879 3505 nota.
901 3450 977 3504 Dicta
996 3451 1031 3504 sic
1049 3455 1169 3513 Fascius,
1189 3472 1204 3505 a

137 3527 233 3580 scilicet
244 3528 275 3580 ab
287 3535 351 3582 auat
362 3529 447 3583 laude.
693 3531 830 3585 Phaselide
846 3571 854 3599 ,
876 3530 1028 3600 Pamphitiae
1049 3531 1135 3596 urbe,
1158 3531 1204 3583 ubi

172 3632 193 3683 7.
210 3611 456 3663 Pulcbn‘orhuciila
466 3618 508 3662 es!
517 3621 566 3664 etc.
578 3611 646 3664 Utra
693 3610 809 3679 primum
821 3608 1205 3679 inventumhocnavigiigenus

137 3687 169 3741 tit
176 3690 316 3755 pulchrior,
330 3686 367 3740 ita
377 3687 404 3740 in
416 3688 538 3757 ambiguo
550 3699 603 3753 est,
618 3698 647 3741 ut
695 3687 815 3741 traditur.
828 3689 881 3741 Pro
894 3687 1007 3757 qualibet
1018 3706 1084 3740 nave
1101 3686 1143 3740 bic
1153 3706 1204 3740 su-

139 3766 218 3818 modo
240 3785 310 3830 una,
333 3766 414 3820 altera
433 3766 514 3820 modo
533 3767 647 3837 palmam
695 3763 1204 3818 mitur.Vid.Voss.adCatull.earm.1v.

139 3844 256 3911 ferat-
269 3843 530 3912 Qnioveroeredat,
543 3845 591 3897 nisi
604 3854 648 3896 to·
731 3861 769 3894 ro.
786 3845 969 3909 Dividuumque
993 3848 1086 3894 teneat.
1113 3845 1205 3896 osan·-

139 3920 220 3975 tidem
236 3922 317 3975 literis
330 3922 488 3991 impressum
504 3923 646 3993 legeretur,
695 3925 809 3991 titumque
818 3920 898 3974 editio
910 3921 994 3991 prima
1010 3932 1036 3974 et
1046 3941 1090 3975 aex
1101 3922 1205 3992 scripti:
1275 3974 1277 3977 ,
1353 3915 1355 3921 ’

139 4000 183 4067 qui
196 4001 331 4071 sequitur,
344 4020 468 4066 versum,
696 4000 771 4054 male.
782 4003 907 4053 Bruttium
919 4001 1031 4070 quippe,
1050 4021 1105 4056 non
1124 4005 1206 4057 driui-

139 4085 164 4121 llt
173 4087 233 4134 metr
241 4087 282 4125 tm
289 4087 363 4132 nobi»,
378 4095 398 4125 et
408 4085 470 4134 roupi·
481 4085 515 4124 illu
523 4087 599 4138 placen
697 4083 771 4132 deun!
777 4121 783 4142 ,
802 4098 861 4148 que
872 4091 991 4133 mentem
1002 4087 1091 4134 (eueni.

715 4179 728 4211 o
