2798 4702
157 312 220 378 232
438 311 474 373 P.
503 310 679 377 OVIDII
704 311 932 378 NASONIS

203 442 352 540 Quaeque
367 440 451 534 tegis
467 441 610 527 medios,
630 440 742 514 instita
760 441 878 537 longa,
902 442 1011 543 pedes.

156 558 228 628 Nos
243 557 403 629 Venerem
420 573 541 642 tutam,
561 584 778 656 concessaque
792 557 895 645 furta,
914 585 1067 632 canemus
1083 586 1091 644 ;

204 673 309 772 Inque
326 701 399 746 meo
415 670 545 744 nullum
562 673 702 744 carmine
719 673 841 746 crimen
858 674 930 748 erit.

160 812 367 900 PRINCIPIO,
384 813 475 913 quod
492 842 597 888 amare
615 813 713 900 velis,
731 815 873 914 reperire
891 814 1026 900 labora,
1186 833 1219 886 35

207 928 277 1024 Qui
295 958 380 1003 nova
397 958 485 1004 nunc
502 930 646 1029 primum
661 928 755 1002 miles
771 930 806 1002 in
820 959 908 1003 arma
923 929 1024 1003 venis.

160 1041 334 1118 Proximus
349 1045 427 1119 buic
445 1044 544 1119 labor
559 1062 626 1132 est,
642 1044 798 1145 placitam
815 1075 947 1119 exorare
964 1044 1116 1147 puellam.

208 1160 357 1250 Tertius,
375 1180 413 1234 ut
429 1161 532 1256 longo
552 1179 698 1262 tempore
716 1162 813 1235 duret
828 1192 930 1236 amor.

160 1274 224 1347 llic
239 1278 375 1365 modus3
396 1279 465 1353 baec
482 1298 599 1354 nostro
619 1280 807 1375 signabitur
821 1308 895 1353 area
912 1307 1031 1353 curru:

207 1396 286 1468 Haec
304 1398 366 1469 erit
383 1397 523 1471 admissa
541 1416 627 1471 meta
645 1397 778 1470 terenda
795 1414 877 1470 rota.
913 1418 916 1424 '

162 1512 251 1584 Dum
268 1512 360 1599 licet,
379 1531 413 1585 et
428 1510 510 1585 loris
527 1513 649 1620 passim
663 1529 761 1612 potes
780 1512 826 1584 ire
844 1510 987 1598 solutis,

210 1625 323 1720 Elige,
343 1627 396 1699 cui
410 1626 498 1698 dicas
517 1657 524 1698 :
545 1645 580 1698 tu
598 1626 680 1697 mihi
700 1625 771 1698 sola
786 1625 905 1725 places.

163 1740 241 1811 Haec
261 1739 321 1809 tibi
340 1768 408 1810 non
427 1757 540 1812 tenues
556 1739 665 1812 veniet
681 1737 813 1838 delapsa
830 1766 891 1838 per
905 1764 1000 1810 auras
1009 1766 1023 1823 ,2

211 1854 397 1949 Quaerenda
414 1872 464 1928 est
480 1853 584 1927 oculis
601 1871 678 1954 apta
693 1852 805 1954 puella
822 1853 898 1924 tuis.
980 1912 981 1916 ,

164 1967 234 2040 Scit
250 1968 333 2043 bene
351 1989 500 2058 venator,
519 1971 621 2044 cervis
636 1971 697 2044 ubi
714 1970 795 2044 retia
812 1969 946 2043 tendat:

213 2084 285 2157 Scit
300 2086 400 2173 bene,
421 2117 485 2188 qua
502 2087 658 2161 frendens
673 2086 755 2160 valle
773 2103 921 2159 moretur
936 2111 1022 2183 aper.

163 2199 362 2299 Aucupibus
379 2203 452 2274 noti
470 2202 604 2276 frutices
620 2232 627 2274 :
642 2203 700 2302 qui
717 2203 858 2276 sustinet
874 2200 1006 2280 hamos,

213 2315 316 2387 Novit
332 2344 404 2415 quae
422 2316 527 2389 multo
546 2317 635 2416 pisce
649 2335 803 2390 natentur
819 2344 920 2417 aquae.

69 2568 73 2580 .
165 2501 672 2572 ergoutmatronaspuellasquevirgines
721 2504 808 2557 lorum
817 2502 956 2572 Propertii,
966 2501 1055 2563 libri,
1066 2489 1242 2559 EI.x1x‚oss:'

166 2579 256 2647 procul
266 2581 349 2633 absint
361 2600 375 2633 a
385 2592 458 2646 vate,
470 2582 515 2650 qui
524 2581 593 2633 canit
603 2599 674 2632 ama·
745 2589 831 2638 septim·
840 2599 898 2637 qum
907 2594 978 2623 metm
987 2583 1065 2621 nivern
1074 2589 1118 2619 ann
1128 2588 1176 2618 rou.

167 2658 247 2721 toria;
263 2659 362 2728 sibique
372 2679 428 2712 rem
437 2681 491 2714 esse
501 2671 604 2714 tantum
613 2679 675 2713 curn
723 2659 795 2712 Libri
802 2669 890 2711 tamen
897 2656 1018 2710 meliores
1026 2653 1075 2706 hor.
1083 2653 1154 2715 loco,
1163 2656 1229 2701 mela

167 2738 317 2790 istiusmodi
327 2740 439 2805 feminis,
449 2740 603 2809 quibuscum
610 2737 675 2792 nibil
723 2740 857 2804 premenda
870 2751 877 2781 ι
891 2753 940 2785 nec
951 2732 1025 2784 male.
1036 2731 1113 2783 Unus
1124 2727 1230 2781 Vatica-

168 2832 224 2878 non
236 2814 324 2868 liceret
336 2814 447 2881 audere,
462 2817 502 2868 vel
516 2816 608 2869 dicere.
724 2835 774 2868 uus
787 2834 848 2867 cum
861 2811 1034 2865 Ambrosiano
1046 2849 1053 2875 ,
1067 2811 1179 2860 tenenda.

200 2891 239 2943 33.
254 2894 307 2943 Nos
322 2895 438 2944 Venerem
451 2899 530 2944 talam
541 2902 589 2944 etc.
607 2891 676 2942 Mn-
758 2894 798 2956 4¹·
813 2892 885 2941 Lorr‘s
894 2892 991 2940 solutis.
1008 2887 1100 2939 Douza
1111 2886 1227 2955 legebat,

166 2967 243 3020 lieres
253 2967 371 3037 intelligit
381 3007 388 3033 ,
400 2966 432 3020 nd
444 2987 507 3039 quas
516 2973 584 3019 tulus
593 2975 674 3035 pate·
723 2970 788 3020 cotto
798 2971 859 3019 lr'ce!
867 2970 902 3018 r're
909 2969 991 3017 soluto
999 2985 1008 3016 c
1016 2963 1061 3018 sed
1073 2983 1127 3017 non
1139 2963 1229 3032 probo.

168 3047 211 3100 bat
225 3047 325 3112 aditus,
346 3048 389 3115 qui
407 3047 565 3116 periculosus
577 3045 675 3098 admo·
756 3049 796 3112 45.
813 3047 867 3096 Ubi
878 3050 942 3097 retia
957 3048 1050 3098 tendat.
1068 3047 1152 3096 Ponat
1171 3042 1229 3094 Ar-

168 3125 248 3192 dum,
268 3145 351 3195 quum
368 3126 401 3178 ad
416 3127 569 3197 insigniores
584 3134 675 3176 tenta-
724 3125 883 3195 gentinensis
895 3125 977 3177 liber:
991 3125 1071 3177 etiam
1085 3143 1139 3175 non
1152 3123 1229 3176 male.

167 3215 247 3256 retur.
256 3205 329 3275 Saepe
338 3206 426 3272 enim,
437 3216 501 3260 teste
511 3206 577 3259 Hor.
590 3204 676 3257 Serm.
725 3201 769 3255 sie
781 3213 807 3255 et
820 3202 886 3255 iusra
900 3203 963 3267 253,
979 3203 1037 3255 libri
1051 3202 1188 3254 meliores:

168 3301 193 3349 Ι,
212 3284 265 3338 sal.
281 3301 321 3350 11,
335 3289 363 3352 41
379 3304 386 3339 2
724 3285 1229 3336 Rutenorundelegnquodumer,ubiretiupom.

169 3378 209 3416 nn
217 3391 237 3416 u
245 3379 363 3429 ,amnium
372 3386 422 3417 uem
430 3380 483 3417 nau
493 3392 497 3417 ι
509 3380 542 3417 rna
550 3378 630 3428 nsum·
725 3359 849 3430 Virgilius
859 3359 955 3429 Georg.
966 3359 1008 3411 tib.
1021 3376 1032 3410 r
1043 3399 1050 3425 ,
1063 3359 1111 3429 3⁰7
1125 3374 1132 3407 ε

171 3452 202 3489 Id
211 3460 292 3489 mortem
300 3465 360 3490 cesus
370 3465 374 3489 :
384 3452 460 3501 fugiens
470 3451 501 3488 bic
509 3451 581 3489 decidit
589 3464 652 3488 neren
724 3445 781 3483 'runc
789 3443 870 3494 gruibus
880 3444 958 3494 pedicas
965 3443 1038 3480 etmel·
1045 3455 1116 3493 ponere
1121 3444 1190 3482 cervis.
1202 3445 1229 3482 Η-

169 3524 283 3563 Praedomrm
299 3524 318 3562 in
334 3525 423 3572 turbem,
439 3523 492 3561 dedit
504 3523 536 3561 bic
550 3536 585 3574 pro
597 3535 676 3573 corpore
758 3519 796 3586 47,
811 3518 922 3568 Sustine!
930 3519 1024 3568 hamos,
1040 3519 1232 3587 Conll'nefsmg.

217 3610 322 3650 ”fflfssffls
339 3606 376 3634 ²¹⁶·
725 3605 847 3647 mentum
859 3592 1033 3662 Bodleianum
1047 3605 1075 3647 et
1090 3605 1143 3647 tres
1160 3614 1231 3663 qua-

200 3671 387 3742 37.Plac1‘tam.
406 3671 531 3726 Restituit
546 3691 577 3724 ex
594 3673 677 3726 veteri
726 3687 817 3729 tuorve
838 3672 879 3725 alii
899 3672 1007 3727 codices.
1029 3674 1073 3726 Sic
1088 3673 1156 3725 infra
1169 3676 1230 3738 544:

168 3747 255 3801 codice
267 3750 374 3818 Ioseph.
385 3749 515 3819 Scaliger,
529 3760 555 3802 et
569 3750 678 3819 quidem
726 3753 831 3802 Pressas
845 3753 955 3802 counire!
963 3757 1018 3802 urle
1023 3751 1109 3815 judas.

168 3834 238 3876 recte
252 3847 258 3887 3
281 3826 343 3877 olim
354 3827 426 3877 enim
433 3829 572 3892 placidam.
759 3827 798 3891 48.
807 3827 958 3890 Quaemullo.
969 3826 1231 3891 QuaBernens.unus

201 3901 241 3972 dq
256 3905 318 3955 Ilaec
338 3912 428 3956 nostro.
445 3908 497 3958 llic
514 3910 586 3958 nobis
605 3907 677 3958 Ber·
726 3914 753 3957 et
764 3904 817 3958 duo
828 3906 877 3958 alii.
894 3908 974 3971 Quam
985 3910 1060 3958 mullo
1073 3902 1188 3957 Barthol.
1201 3913 1231 3955 ut

170 3980 265 4034 nensis.
279 3983 331 4033 Hic
343 3990 426 4034 nostro
439 3983 480 4035 alii
497 3984 611 4052 quidam.
726 4001 747 4038 ιι
758 4025 765 4051 ,
778 4005 809 4038 ex
819 3986 896 4038 Pom.
908 4002 965 4052 vrr,
980 3985 1028 4037 25:

202 4061 241 4124 40,
254 4060 327 4112 Mela
338 4065 438 4113 luenda
446 4070 508 4114 mu,
520 4062 632 4118 Memini
645 4064 676 4118 il.
750 4068 836 4118 Musque
844 4080 903 4119 qum
912 4068 980 4106 multis
990 4065 1055 4105 llomt
1064 4064 1130 4115 Hybla
1138 4062 1218 4114 thymis.
