2798 4702
311 515 605 622 ANGELI
650 516 1059 627 POLITIANI

252 760 322 833 uu
359 760 553 834 uxrmo
590 762 658 834 ur
696 763 889 839 uouru
929 768 1111 843 ovmu

552 991 811 1080 ELEGIA.

148 1274 218 1377 ΕΤ
232 1306 317 1404 jacet
333 1306 473 1379 Euxinis
489 1323 579 1379 vates
597 1308 770 1381 Romanus
788 1309 823 1381 in
842 1311 932 1382 oris:

195 1425 385 1497 Romanum
401 1440 507 1497 vatem
524 1423 666 1497 barbara
683 1442 769 1498 terra
786 1425 889 1521 tegit!

146 1544 248 1616 Terra
264 1541 348 1637 tegit
362 1557 487 1626 vatem,
502 1557 634 1614 teneros
653 1541 711 1641 qui
730 1540 811 1614 lusit
827 1569 975 1630 amores,

194 1656 360 1745 Barbara,
379 1685 477 1757 quam
494 1656 611 1752 gelidis
629 1655 725 1729 alluit
743 1658 828 1758 Ister
845 1657 950 1758 aquis.

145 1776 283 1860 Necte,
303 1774 428 1861 Roma,
448 1772 572 1875 pudet,
592 1802 665 1874 quaa
679 1790 772 1845 tauto
791 1774 927 1848 immitis
944 1773 1079 1849 alumno
1198 1804 1214 1855 5

196 1891 333 1964 Pectora
349 1890 452 1963 babes
468 1890 551 1990 ipsis
568 1889 764 1963 barbariora
784 1891 905 1963 Getis?

146 2005 294 2105 Ecquid,
310 2008 348 2078 lo
366 2008 492 2093 Musa,
510 2004 673 2106 Scythicis
690 2006 726 2077 iu
743 2005 868 2079 linibus
886 2034 973 2101 aegro

193 2122 303 2196 Taedia
321 2124 378 2223 qui
396 2123 506 2195 morbi
522 2121 686 2207 demeret,
702 2119 792 2194 ullus
809 2123 907 2194 erat?

146 2239 295 2339 Ecquid,
312 2238 491 2334 frigidulos
512 2239 570 2339 qui
588 2236 674 2311 lecto
692 2238 880 2337 imponeret
896 2254 1007 2323 artuS,
1111 2295 1117 2331 e

192 2356 262 2427 Aut
279 2354 336 2453 qui
355 2351 548 2453 dulciloquo
565 2352 692 2427 falleret
711 2382 766 2427 ore
785 2354 899 2427 diem?

145 2469 214 2541 Aut
231 2469 288 2568 qui
307 2485 449 2541 tentaret
466 2467 612 2544 salientis
633 2487 783 2569 tempora
799 2496 906 2550 veuae,

192 2587 263 2657 Aut
278 2584 424 2657 fomenta
441 2614 541 2658 mauu
559 2586 616 2685 qui
634 2603 810 2687 properata
828 2584 943 2657 daret?

146 2701 312 2774 Conderet
330 2718 388 2773 aut
404 2699 519 2774 oculos
537 2701 644 2774 media
659 2703 726 2799 jam
743 2719 850 2773 morte
867 2717 1037 2782 natantes,

192 2816 263 2886 Aut
279 2812 403 2908 legeret
420 2843 580 2889 summam
594 2817 652 2916 qui
668 2816 745 2917 pius
763 2843 820 2888 ore
838 2815 1005 2887 animam?

143 2929 263 3005 Nullus
281 2947 372 3003 erat:
388 2930 516 3005 nullus!
534 2950 673 3019 veteres,
692 2951 727 3007 tu
747 2932 844 3019 dura,
862 2931 992 3006 sodales

192 3049 400 3149 fleuprocul
418 3080 437 3123 a
454 3051 579 3135 Ponto,
598 3051 720 3122 Martia
738 3051 863 3136 Roma,
882 3052 993 3123 tenes!

142 3164 261 3239 Nullus
279 3185 349 3240 erat
366 3164 505 3267 :procul
524 3167 582 3239 ab!
602 3167 743 3265 conjux,
764 3166 923 3265 parvique
940 3184 1099 3266 nepotes:

189 3285 258 3356 Nec
275 3283 383 3356 luerat
401 3283 579 3383 profugum
597 3301 673 3355 nata
691 3299 831 3381 sequuta
848 3300 983 3381 patrem.

142 3396 275 3471 Scilicet
291 3399 449 3473 immanes
462 3395 578 3485 Bessi,
594 3399 735 3498 ssavique
756 3396 898 3486 Coralli,

188 3516 260 3593 Aut
277 3543 335 3587 vos
352 3514 458 3615 pelliti
477 3545 571 3590 saxea
586 3516 686 3589 corda
708 3516 817 3589 Getae:

140 3629 273 3704 Scilicet
289 3630 443 3705 horribili
462 3632 590 3706 dederit
608 3630 769 3705 solamina
786 3630 880 3705 vultu

187 3748 351 3845 Sarmata,
369 3750 411 3823 ab
430 3768 531 3850 epoto
551 3777 635 3849 saepe
653 3748 824 3822 vehendus
841 3749 951 3846 equo?

141 3861 302 3952 Sarmata,
319 3865 373 3938 cui
391 3864 532 3959 rigidam
549 3862 692 3936 demisso
710 3861 885 3934 inlumina
903 3862 1049 3934 frontem

187 3978 283 4052 Mota
299 3978 461 4078 pruinoso
478 3995 625 4079 tempora
644 3978 732 4052 crine
752 3979 895 4049 sonant?

141 4092 204 4164 Sed
223 4112 331 4167 tamen
349 4111 383 4167 et
400 4094 496 4169 Bessi
513 4094 710 4180 extinctum,
729 4111 763 4165 et
777 4091 894 4165 llevere
913 4089 1053 4176 Coralli,
