2798 4702
217 315 262 405 96
503 316 541 380 r.
569 317 744 385 ovrnn
768 317 993 388 Nasonis

215 454 321 552 Quod
337 454 403 528 fuit
414 455 573 551 Argolico
586 457 715 555 juvenis
733 459 885 535 Phoceus
901 463 1049 554 Orestae3
1252 483 1280 533 ιε

265 573 340 644 Hoc
356 571 434 657 tibi,
455 571 534 646 dum
551 572 661 660 licuit,
680 574 837 666 Psittace,
856 596 967 651 turtur
983 596 1060 652 erat.

217 686 311 785 Quid
325 705 434 762 tamen
448 689 513 766 ista
526 688 634 763 fides?
649 691 730 791 quid
744 693 809 766 rari
827 692 933 766 sorma
949 692 1071 768 coloris
1086 694 1101 766 ?

264 805 359 900 Quid
373 833 436 878 vox
452 804 619 880 mutandis
633 807 805 902 ingeniosa
821 809 940 882 sonis?

216 920 310 1018 Quid
325 922 432 1020 juvat,
449 939 488 995 ut
504 922 601 995 datus
616 951 671 1009 es,
689 941 811 997 nostrae
827 923 990 1025 placuisse
1003 923 1149 1026 puellae?

264 1035 383 1109 Infelix
399 1037 508 1110 avium
522 1036 647 1133 gloria,
665 1067 783 1141 nempe
797 1041 904 1138 jaces!
1246 1079 1278 1114 αι»

214 1156 268 1227 Tu
285 1172 417 1256 poteras
430 1154 551 1230 virides
566 1157 685 1256 pennis
698 1155 853 1231 hebetare
867 1157 1075 1253 smaragdos,
1141 1175 1142 1178 ’
1181 1175 1185 1201 ¹

263 1272 383 1345 Tincta
396 1300 512 1366 gerens
528 1272 631 1346 rubro
649 1272 775 1346 Punica
792 1292 900 1347 rostra
914 1301 1022 1348 croco.

214 1399 292 1471 Non
308 1396 372 1470 fuit
386 1397 422 1469 iu
438 1397 533 1470 terris
550 1424 668 1469 vocum
677 1377 895 1471 'simulantior
910 1397 994 1472 ales:

264 1517 440 1592 Reddebas
456 1517 559 1590 bleso
580 1535 646 1590 tam
658 1519 743 1592 benc
759 1520 860 1592 verba
875 1548 970 1592 sono.

216 1644 346 1742 Raptus
365 1668 399 1712 es
416 1639 556 1725 invidia;
571 1667 642 1711 non
659 1657 696 1712 tu
713 1639 781 1714 sera
794 1638 881 1713 bella
898 1641 1073 1715 movebas:
1245 1661 1277 1712 εἰ»

266 1761 443 1851 Garrulus,
458 1780 492 1836 et
508 1760 644 1862 placide
659 1762 749 1863 pacis
764 1756 890 1836 amator
906 1792 985 1836 eras.

213 1978 279 2017 Finita
287 1983 383 2026 unusque
390 1974 443 2023 licet,
451 1974 537 2012 solvetur
545 1973 565 2010 iu
573 1986 650 2024 minore
657 1972 720 2012 uasis.
793 1973 896 2024 Verbaque
904 1986 939 2024 pro
949 1973 1006 2012 certis
1014 1975 1068 2023 jusu
1075 1974 1140 2013 rulers
1152 1977 1208 2015 notis.

215 2049 270 2103 Sed
282 2050 316 2102 ibi
328 2049 438 2118 legitur,
446 2051 526 2117 firm
541 2054 578 2099 si!
592 2051 639 2100 illa
653 2052 721 2099 le'cel.
771 2048 835 2100 Som'
855 2065 918 2100 vero
944 2056 1062 2115 spectant
1083 2048 1164 2115 magis
1186 2057 1277 2101 cautim

214 2129 324 2182 Plautus
335 2147 398 2180 vero
409 2167 416 2194 ,
424 2130 529 2196 firmam
539 2129 621 2196 fidem
640 2126 720 2194 dixit,
771 2126 937 2181 dulcedinem
950 2137 977 2179 et
993 2127 1061 2180 vocis
1077 2126 1254 2179 modulamina
1269 2149 1277 2190 ;

217 2207 293 2277 Capt.
308 2208 366 2260 Aet.
377 2223 412 2272 s,
423 2207 501 2260 Secu.
511 2222 536 2271 1,
549 2226 572 2257 v.
583 2206 608 2258 6.
771 2222 829 2272 quae
840 2202 886 2259 dos
899 2205 1012 2258 Psittaco
1025 2224 1130 2274 prorsus
1142 2203 1277 2272 denegata.

251 2291 289 2340 15.
311 2285 446 2353 Quodsur'!
458 2287 578 2353 Argolico
589 2294 637 2337 etc.
662 2283 722 2336 Te·
769 2282 1058 2336 -Mulandriuolrbld
1066 2293 1113 2348 est,
1122 2282 1276 2335 dictionibus

215 2367 344 2420 nuitatern
353 2364 593 2434 reicomparationc
602 2362 722 2416 nobilitat
771 2361 925 2425 articulatis;
942 2380 1034 2414 verum
1052 2361 1185 2430 antiquior
1200 2361 1277 2413 lectio

214 2443 352 2510 amicitias,
384 2462 442 2512 quae
463 2442 579 2514 Pyladen
601 2443 671 2494 inter
696 2450 722 2494 et
772 2438 836 2492 mibi
848 2440 929 2509 magis
941 2440 1076 2509 probatur,
1089 2457 1147 2507 quar
1156 2449 1207 2502 est,
1221 2457 1276 2490 nou

198 2561 200 2565 «
214 2521 329 2576 Oresten
341 2522 432 2591 viguit,
445 2540 506 2574 cum
517 2519 655 2574 concordia
664 2538 722 2589 quas
770 2524 845 2582 notak,
856 2517 902 2571 scd
910 2516 1191 2580 sonr's,idestmodulis.
1199 2517 1277 2568 Mart.

216 2598 492 2665 Psittacoet‘l’urturi,
504 2600 723 2666 omnivitaplena
808 2617 843 2668 19.
862 2599 983 2649 Uiriatus
997 2614 1033 2648 es.
1049 2596 1144 2649 Statim
1160 2605 1189 2646 ut
1201 2597 1278 2646 datus

207 2676 271 2744 serat.
284 2678 328 2729 Sic
340 2696 407 2729 unus
420 2697 433 2731 e
447 2678 542 2730 nostris
559 2680 684 2742 (Gresset
692 2673 720 2745 ),
771 2694 800 2728 cs
811 2695 819 2726 t
830 2675 871 2727 vel
883 2685 987 2744 aspectu
997 2675 1083 2744 primo
1096 2672 1219 2742 placuisti.

215 2754 260 2822 qui
273 2773 328 2806 non
341 2774 434 2822 parum
446 2757 553 2824 poeticae
564 2755 647 2807 laudis
660 2773 723 2806 mc·
804 2773 843 2805 ao.
856 2755 952 2822 Infelix
964 2759 1046 2806 aeriam
1057 2756 1138 2820 glon'a
1151 2762 1198 2804 etc.
1211 2750 1276 2804 Sta-

216 2834 283 2899 ruit‚
297 2833 324 2886 in
336 2833 497 2887 celebrandis
510 2835 615 2887 Psittaci
627 2835 721 2902 eujus·
772 2831 836 2894 tius,
849 2829 896 2882 loe.
909 2831 952 2883 cit.
961 2833 1009 2898 24:

136 2965 140 2974 ,
215 2912 276 2966 darn
289 2913 452 2977 infortuniis,
464 2912 574 2965 heroem
589 2932 665 2965 suum
675 2911 722 2981 ipsi
771 2923 860 2969 oceidit,
874 2923 1132 2973 assimulatum-glori·
1141 2923 1214 2973 geniis,

214 2991 308 3045 AEneae
319 3009 375 3044 non
387 2991 487 3044 dubitat
499 3009 659 3061 comparare,
673 3011 722 3044 ca·
770 2997 866 3034 Psittacus
876 2996 909 3034 ille
918 2997 978 3047 plagas
984 2997 1055 3035 viridis
1065 3006 1153 3047 regnator
1160 2998 1218 3036 Bon:

214 3089 257 3124 ως
265 3068 422 3135 enm-ando,
432 3068 643 3140 (VERTNEM'
655 3089 676 3123 C·
689 3069 721 3138 1.)
770 3070 834 3119 Quem
844 3084 883 3108 uon
893 3072 1079 3120 gemmstesoluerio
1086 3071 1172 3109 lunonis
1179 3069 1241 3108 cauda

228 3162 282 3198 mm
287 3170 441 3212 qumm
449 3161 510 3199 motu,
521 3159 603 3199 mum
612 3149 712 3212 quem„
770 3149 874 3195 vincerer,
890 3159 970 3199 aspectu
977 3149 1034 3199 gelidi
1043 3164 1081 3189 nou
1089 3151 1177 3189 Phasidis
1185 3151 1232 3188 ntes.

229 3234 477 3288 Nonmoinndevor,pon
487 3235 709 3286 malhurwaeomba'·
803 3249 842 3282 ar.
866 3232 965 3282 Vire'des
971 3235 1064 3295 pennis
1079 3233 1197 3282 hebetare
1207 3248 1277 3282 smn-

215 3309 380 3377 -Argolr'co
395 3312 486 3362 Oresti.
510 3311 605 3362 Oreste
618 3311 722 3364 Putea·
770 3311 868 3375 ragdos.
889 3306 1027 3378 Smaragdi
1048 3309 1153 3378 proprie
1175 3307 1277 3360 virides.

214 3407 280 3442 neus
295 3399 321 3441 et
336 3389 540 3459 Neapolitanus;
562 3389 630 3441 bene
643 3408 649 3441 :
661 3387 722 3441 die·
771 3387 866 3455 Seripti
886 3398 975 3440 tamen
993 3386 1114 3441 meliores
1134 3406 1229 3456 magna
1246 3405 1277 3437 ex

216 3478 275 3521 tum
298 3468 378 3538 Epist.
400 3484 464 3533 vm,
482 3488 506 3519 v.
521 3486 545 3538 p
560 3468 595 3519 ll.
608 3469 722 3520 Phoceus
750 3529 753 3536 ἱ
770 3477 853 3534 parte,
866 3466 931 3519 etin
943 3464 982 3518 his
994 3466 1276 3533 Puteaneus,smgr'les.

213 3545 372 3615 legendum,
391 3555 421 3598 ut
431 3544 576 3598 videbimus
588 3543 621 3597 ad
634 3546 676 3598 lib.
689 3562 700 3597 1
712 3586 719 3610 ,
771 3545 872 3599 Hsrrss.
883 3547 955 3600 Licet
956 3546 1068 3615 fragiles
1075 3559 1144 3602 recte
1154 3546 1203 3600 dici
1215 3564 1277 3615 pos-

214 3626 353 3692 Trist.1v,
372 3645 411 3677 ar.
770 3624 821 3675 sint
837 3624 982 3694 smaragdi,
999 3636 1026 3679 et
1042 3647 1056 3678 a
1069 3626 1155 3680 Plinio
1171 3630 1291 3691 quoque·

251 3706 288 3756 18.
316 3707 442 3770 Quiduox
453 3705 723 3771 mutandisr'ngembsa
770 3701 900 3769 dicantur,
908 3702 1175 3772 propteradjunctum
1186 3709 1275 3752 tamen

215 3786 309 3835 souis?
328 3782 462 3836 Libentius
483 3780 673 3852 sortilegam,
695 3782 721 3836 id
770 3781 898 3847 verbum,
918 3785 1047 3841 hebetare,
1074 3778 1216 3846 requiritur
1234 3778 1277 3831 hic

215 3867 263 3920 est,
278 3861 359 3908 verbi}
371 3870 396 3910 et
409 3859 564 3913 dictionibus
575 3861 722 3914 articulatis.
770 3879 838 3927 vox,
858 3880 916 3930 quae
926 3860 1040 3913 colorem
1052 3856 1167 3909 lucidum
1179 3867 1254 3908 notet
1267 3876 1276 3920 ς

216 3935 301 3986 Notas
313 3935 385 3988 enim
401 3955 449 4004 pro
465 3937 545 3992 literis
556 3940 624 3993 sumi
637 3980 645 4007 ,
665 3940 723 3993 vul-
770 3942 844 3995 etita
857 3944 950 3993 virides
960 3936 1123 3992 retinuimus.
1143 3936 1240 3987 Burrus.

217 4021 322 4079 gotum,
334 4023 360 4065 et
372 4015 499 4081 superiori
513 4017 585 4087 Eleg.
598 4038 663 4074 vers.
672 4039 721 4088 ao,
803 4022 843 4086 24.
854 4021 990 4072 Reddebas
998 4019 1080 4068 bleso.
1088 4017 1202 4069 Blando.
1220 4016 1276 4067 Pa-

218 4108 308 4144 reccus
319 4091 505 4147 coadunatum
520 4112 534 4148 :·
770 4099 812 4154 lat.
825 4098 929 4165 tertius;
942 4107 968 4149 et
979 4096 1013 4149 ita
1024 4095 1171 4163 conjecerat
1182 4096 1274 4149 Franr.
