2798 4702
424 346 665 413 nonnum
691 345 911 415 AMORIS.
1128 347 1188 433 titt

189 488 258 561 Nec
272 503 386 586 potes,
404 503 436 559 et
452 484 551 559 velles
567 512 684 585 posse,
701 483 871 558 docendus
889 486 962 559 eris.
1069 496 1075 507 ’

143 602 233 702 Saepe
249 600 332 675 rescr
348 618 454 675 tecum
472 599 632 674 scelerate
648 599 734 674 facta
749 596 887 699 pnellae,

190 718 236 789 Et
251 745 338 816 pone
355 734 430 804 ante
446 714 560 789 oculos
576 715 687 789 omnia
704 715 821 789 danma
838 733 923 788 tuos.
1145 740 1195 794 soc

143 828 230 903 Illud
248 850 281 904 et
297 829 379 905 illud
396 831 514 915 habet;
528 858 589 904 nec
606 859 643 904 ea
661 846 815 903 contenta
831 831 965 930 rapina,

192 945 262 1018 Sub
283 943 415 1019 titulum
432 962 568 1019 nostros
584 945 675 1019 misit
692 974 785 1019 arara
802 944 895 1020 lares.

143 1060 196 1134 Sic
213 1062 292 1135 mihi
309 1061 427 1158 juravit
441 1091 449 1134 :
464 1062 512 1135 sic
529 1090 581 1135 me
595 1061 703 1160 jurata
716 1059 843 1135 fefellit.

189 1179 276 1252 Ante
290 1205 381 1251 suam
400 1179 529 1278 quoties
546 1206 643 1278 passa
656 1178 760 1277 jacere
775 1177 902 1251 forem!

140 1291 261 1387 Diligit
277 1293 349 1394 ipsa
365 1293 449 1367 alios
460 1324 468 1382 ;
481 1324 501 1368 a
516 1323 567 1368 me
585 1293 712 1369 fastidit
730 1293 840 1368 amari.
1144 1312 1194 1365 30⁵

188 1407 327 1480 institor
338 1407 404 1480 heu
421 1425 555 1495 noctes,
574 1436 656 1508 quas
672 1409 754 1483 mihi
771 1436 840 1482 non
858 1408 933 1494 dat,
949 1406 1069 1481 habet!

142 1523 219 1595 llaec
236 1522 297 1595 tibi
312 1551 371 1623 per
388 1541 479 1596 totos
496 1524 681 1599 inacescant
698 1526 809 1599 omnia
826 1550 965 1599 sensus:

190 1641 267 1712 Haec
283 1639 388 1714 refer:
405 1640 483 1713 hinc
499 1641 567 1714 odii
584 1641 708 1716 semina
726 1670 832 1743 quaerc
849 1642 908 1715 tui.

141 1756 252 1853 Atque
268 1755 394 1829 utinam
413 1756 522 1856 possis
538 1757 635 1831 etiam
651 1757 813 1831 facundus
828 1757 864 1830 in
879 1754 947 1830 illis

189 1871 289 1942 Esse!
309 1868 383 1943 dole
401 1888 547 1959 tantum;
562 1889 681 1972 sponte
698 1873 841 1946 disertus
857 1871 932 1945 eris.
1147 1891 1195 1941 sno

143 1980 288 2059 Haeserat
304 1985 339 2058 in
354 1986 494 2086 quadam
511 2015 617 2089 nuper
630 2017 700 2062 mea
719 2016 796 2062 cura
811 1984 941 2087 puella:

192 2100 397 2175 Conveniens
414 2102 524 2177 animo
541 2133 611 2178 uon
630 2121 699 2178 erat
716 2103 773 2176 illa
789 2128 873 2176 meo.

143 2214 291 2290 Curabar
304 2218 450 2318 propriis
466 2246 549 2313 ager
567 2216 752 2292 Podalirius
769 2216 903 2301 herbis;

189 2336 249 2423 Et,
263 2334 384 2422 fateor,
398 2334 546 2408 medicus
562 2334 703 2435 turpiter
719 2362 806 2430 eger
822 2360 920 2407 eram.

173 2548 229 2600 ²9s
241 2529 453 2596 Scelemlaesacta
460 2533 560 2598 puella.
573 2532 643 2599 Alit,
692 2533 748 2587 Per
755 2534 861 2591 titulum,
872 2525 964 2590 tabella
973 2523 1123 2594 designatur
1133 2522 1197 2576 aedi·

141 2607 229 2665 verba,
247 2614 292 2657 aut
302 2607 378 2657 de'cta.
396 2605 582 2676 Sarravianus,
598 2630 644 2662 re-
691 2608 912 2676 busadfixa,que
920 2600 1196 2658 transeuntesdoceret

138 2701 191 2750 gua
202 2701 210 2732 .·
223 2681 357 2750 eleganter
368 2683 538 2738 mehercules.
555 2686 643 2741 Sinde
691 2686 802 2740 domurn
814 2704 868 2738 esse
880 2683 1008 2737 venalem.
1019 2679 1120 2735 Hunis.

140 2778 223 2828 regno
234 2760 361 2813 amatorio
376 2763 516 2830 Horatius,
535 2763 579 2817 lib.
593 2766 643 2833 lv,
725 2766 781 2819 306.
790 2767 902 2817 Instr'tor.
915 2763 1008 2815 Horat.
1022 2759 1079 2826 lli,
1094 2757 1147 2813 od.
1158 2757 1196 2811 52

142 2837 642 2912 Od.1.Propertpassim.Possetetlegi,
691 2846 931 2898 Servocatr‘nstr'tor.
941 2840 976 2893 Et
984 2836 1195 2908 Epotlxvnno:

140 2917 345 2984 scelerataesurta
355 2922 445 2985 puelle
458 2939 466 2972 .·
478 2918 511 2973 de
527 2920 557 2974 iis
571 2921 643 2974 enirn
690 2923 788 2977 Amata
793 2924 879 2973 nauto
888 2916 1198 2974 monasterienses:

141 2995 193 3063 agit
203 2994 231 3047 in
238 2994 421 3065 sequentibus;
431 3007 458 3049 et
459 2997 538 3064 sacta
544 3009 570 3051 et
569 2997 646 3066 frma
693 3001 763 3056 unde
776 3007 883 3070 apparet
893 2997 944 3051 hoc
955 3015 1038 3067 genus
1052 3003 1196 3062 contemp.-

140 3092 208 3143 soepe
225 3073 293 3142 apud
311 3074 438 3129 Nostrum
454 3075 552 3143 librarii
566 3096 646 3131 corn-
692 3082 822 3136 tissimum
834 3081 912 3134 [uim
924 3078 1075 3147 antiquitus.
1087 3074 1197 3128 nourr.

142 3161 320 3205 mutaverunt
693 3163 787 3213 -Per
797 3165 863 3211 totos
873 3163 1031 3209 manesceret
1042 3157 1127 3206 omnia
1137 3169 1197 3203 ses-

173 3230 646 3300 301.Neceacoateaetarapnaesrete.
692 3257 743 3291 sus.
759 3238 837 3290 Unus
861 3240 999 3288 vanescant
1015 3253 1022 3285 :
1038 3232 1119 3298 alius,
1136 3250 1197 3282 rra-

142 3305 261 3359 Tollalur
274 3309 382 3361 verbum
393 3310 600 3376 subshullvum,
616 3320 646 3363 ul
691 3323 816 3370 usual:
828 3315 900 3385 prior
912 3311 1106 3374 Menlellanus,
1118 3327 1198 3362 aces·

141 3385 234 3440 melius
246 3386 369 3455 procedat
380 3388 506 3441 orationis
517 3400 594 3442 tenor
604 3407 611 3442 :
692 3405 760 3451 cane,
770 3395 869 3464 Regius
878 3413 938 3447 cum
951 3391 1053 3445 duobus
1062 3389 1131 3455 aliis,
1141 3393 1198 3440 rire-

311 3476 476 3516 Noemm
486 3478 567 3527 rupino,
692 3479 811 3529 cescarrtr
823 3490 900 3536 vere,
914 3482 991 3539 atque
1003 3469 1056 3533 ita,
1069 3484 1151 3535 quem
1160 3465 1199 3517 ni·

164 3549 205 3586 Sub
214 3551 293 3587 titulum
301 3558 377 3588 nostros
384 3551 501 3588 mititem
508 3551 564 3589 tem.
692 3550 729 3604 hi}
740 3549 855 3619 praeerit
863 3589 870 3615 5
884 3543 1113 3617 penpicariuimufl
1123 3539 1198 3595 Gro-

140 3624 190 3674 Sed
197 3626 367 3675 lr'tulumlares
376 3627 471 3674 mittere
479 3631 517 3674 est
525 3622 593 3675 edes
602 3642 644 3676 ve·
693 3628 800 3685 novius.
816 3625 925 3679 Observ.
941 3623 983 3675 lib.
1003 3622 1029 3675 ll
1039 3660 1047 3687 ,
1059 3639 1114 3689 cap.
1130 3632 1198 3681 xrs,

140 3702 211 3756 nales
218 3703 386 3771 proscribere.
395 3701 456 3755 Non
463 3711 533 3753 recte
542 3699 644 3755 codices
692 3705 765 3774 plura
778 3703 812 3757 de
825 3723 857 3757 eo
871 3703 950 3755 verbo
961 3698 1070 3768 collegit
1081 3700 1137 3751 Νοιι
1145 3713 1198 3748 ces-

141 3782 250 3848 retusti,
264 3800 357 3849 magna
370 3800 400 3833 ex
410 3790 483 3849 parte
491 3817 499 3843 ‚
511 3783 644 3834 subtituto.
692 3791 750 3837 cert
764 3783 845 3837 codex
865 3780 953 3835 Jureti
967 3800 973 3833 :
987 3779 1082 3833 frustra
1099 3782 1200 3830 succes·

142 3857 240 3913 Tibulli
251 3860 321 3913 enirn
334 3859 377 3911 illa
387 3859 536 3928 respiciebat
549 3859 645 3913 Noster
692 3881 752 3923 cere,
763 3861 914 3914 Scribonius
924 3859 1039 3928 Largus,
1053 3855 1197 3925 Composi-

141 3933 184 3988 tib.
196 3938 240 4001 11,
252 3954 295 4003 tv,
309 3940 357 4003 54:
693 3938 764 3990 tione
779 3953 825 3989 cuv
838 3957 845 3990 ε
859 3947 886 3989 et
898 3935 1037 3991 Marcellus
1051 3932 1197 4002 Empiricos

141 4026 195 4075 Quin
202 4030 271 4076 etiam,
280 4028 334 4066 sedes
342 4027 407 4077 jubeo
417 4026 432 4062 ιὶ
441 4024 523 4063 vendere
532 4025 594 4062 evites
599 4052 607 4073 ‚
692 4035 796 4086 quoque
810 4016 939 4069 dixerunt.

165 4100 195 4135 lte
204 4101 239 4137 sub
247 4102 349 4153 irus-crium
357 4099 391 4139 sul·
401 4099 530 4150 oculumque,
542 4100 598 4138 tmc
724 4095 779 4147 308.
796 4095 860 4147 0d1'1'
863 4099 960 4147 semim
966 4112 1045 4163 'Mle
1051 4096 1095 4145 lui.
1107 4088 1197 4152 Malo,
