2798 4702
328 350 563 420 AMORUM
596 351 669 417 111.
702 349 850 418 ELEG·
879 350 932 416 II.

150 469 247 565 uu‘fic
265 482 425 586 stangan
440 484 717 564 neocesariae
733 496 817 563 aaa.

101 592 139 680 Si
154 590 244 681 milii
254 608 400 681 currenti
417 603 520 681 suecis
538 624 713 708 conspecta
724 662 735 695 ,
747 605 927 680 morabor:

152 714 270 825 Deque
283 720 365 798 meis'
380 723 536 798 manibus
553 721 624 797 lora
639 722 775 798 remissa
789 715 903 795 [luent.

104 841 179 914 Ah!
197 870 296 942 quam
313 866 407 947 paup
423 840 547 942 Pelops
564 841 669 914 Pisaea
685 838 832 914 concidit
847 838 962 923 hasta,
1142 858 1172 910 15

154 959 245 1031 Dum
258 976 386 1059 spectat
400 941 530 1046 ¹vultus,
545 957 791 1059 Hippodamia,
807 957 903 1029 tuos!

107 1074 232 1175 Nempe
249 1074 360 1150 favore
377 1104 443 1149 sue
459 1075 539 1148 vicit
556 1093 665 1162 tamen
682 1072 738 1147 ille
753 1070 881 1174 puellae.

155 1189 334 1264 Vincamus
351 1191 492 1264 dominae
511 1191 650 1290 quisque
665 1190 776 1263 favore
790 1216 866 1262 suae.

107 1304 200 1401 Quid
217 1305 340 1382 frustra
356 1307 508 1404 refugis?
524 1307 615 1402 cogit
631 1335 694 1379 nos
710 1303 797 1378 linea
812 1303 930 1403 jungi:

156 1423 286 1497 Haecin
303 1422 375 1520 lege
392 1424 459 1498 loci
476 1422 651 1499 commoda
667 1415 783 1496 Circus
799 1418 911 1491 habet.
1144 1455 1177 1489 ,ο

108 1538 163 1611 Tu
180 1556 304 1630 tamen,
321 1570 339 1615 a
355 1540 470 1615 dextra
487 1541 687 1640 quicumque
702 1565 756 1624 cs,
771 1564 869 1636 parce
889 1531 1029 1635 puella:

1105 352 1166 441 159

113 1739 174 1774 usus
183 1720 326 1774 verborum
336 1721 458 1775 felicitate
466 1740 472 1774 ε
480 1722 623 1774 rotoeenim
670 1719 728 1773 dius
742 1739 801 1772 earn
814 1729 922 1789 tangere
935 1716 1054 1782 volebat,
1066 1714 1178 1770 reduce-

112 1797 226 1850 crrculus
238 1816 270 1850 eo
281 1809 357 1852 metae
369 1799 490 1869 propior,
502 1817 554 1867 quo
562 1799 626 1850 bre·
669 1799 716 1852 bat
726 1817 821 1867 eorpus
829 1796 862 1850 ad
873 1796 970 1849 lineam
978 1834 985 1862 ,
993 1795 1038 1848 sed
1046 1814 1100 1848 non
1110 1795 1179 1849 ultra

114 1876 187 1941 rior,
200 1874 311 1944 ideoque
323 1882 427 1929 interior
436 1876 598 1929 describitur.
670 1886 714 1930 aut
728 1877 755 1928 in
769 1876 848 1929 alium
866 1884 970 1944 poterat
987 1883 1044 1944 post
1059 1893 1086 1928 se
1101 1873 1179 1926 ordi-

151 1956 189 2019 ¹4·
199 1955 296 2005 Maeni.
304 1956 403 2006 Cadent
411 1953 546 2007 Palatinus
555 1972 624 2006 unus
670 1974 734 2008 nem
746 1956 866 2025 refugere
877 1993 884 2020 ,
897 1954 958 2024 quia
969 1957 1038 2005 linea
1049 1951 1179 2023 prohibe-

115 2039 142 2081 et
154 2029 261 2098 quidam
271 2029 313 2083 alii
326 2030 420 2083 :male
434 2032 498 2084 lnsr.
512 2030 552 2083 Et.
560 2047 621 2097 vn,
669 2034 721 2090 bat.
733 2036 814 2086 Lilaea
824 2051 920 2101 nempe
935 2031 977 2083 illa
990 2040 1045 2098 est,
1059 2049 1116 2098 quae
1128 2048 1179 2083 co-

115 2109 146 2160 32
161 2124 167 2156 t
185 2111 261 2162 Nullo
267 2130 346 2177 poma
361 2118 474 2164 movente
481 2112 574 2178 fluunt.
590 2110 621 2162 B.
670 2115 746 2185 gebat
754 2122 911 2183 spectatores
919 2112 989 2163 intra
996 2129 1073 2164 suum
1083 2129 1179 2179 quern-

117 2185 171 2239 ttbi
183 2185 210 2239 in
221 2188 322 2257 scriptis
334 2187 428 2241 eadem
442 2187 583 2242 diversitas.
672 2212 723 2262 que
738 2191 860 2244 ordinem
876 2207 1002 2252 manem
1024 2187 1095 2256 quod
1111 2188 1180 2241 clare

151 2269 187 2318 15.
212 2268 255 2320 Ar
266 2287 341 2338 quam
349 2287 421 2335 pene
431 2271 523 2335 Pelops
539 2271 624 2320 Pt'saea
672 2269 1181 2340 docetQuintilianilocus,lnst.11,3:

115 2347 316 2398 conciliabuta,
326 2345 376 2398 Ed.
384 2346 466 2416 princ
476 2347 559 2397 Pr'seo
567 2365 624 2399 con·
673 2373 687 2397 a
700 2351 825 2405 Transire
838 2351 865 2402 in
879 2349 980 2402 diversa
995 2346 1114 2401 subsellia
1126 2365 1179 2416 pao
1229 2374 1239 2387 ι

114 2424 245 2475 criir'taaee.
264 2422 412 2490 Quomodo
428 2433 518 2478 autem
529 2443 560 2477 ex
575 2443 625 2476 aze
672 2448 734 2482 rum
745 2426 925 2481 verecundum
937 2438 991 2489 est3
1004 2434 1104 2478 namet
1118 2422 1184 2476 Cas-

115 2499 625 2571 Puaeoceetdiuet’etopemdicaequum
672 2507 725 2560 sius
737 2506 851 2559 Severus
867 2506 966 2557 urbane
987 2502 1109 2556 adversus
1131 2500 1183 2553 boc

115 2587 218 2630 constet
229 2597 261 2630 ea
271 2579 459 2648 interpretibus
467 2580 625 2653 Lycophro-
673 2584 813 2638 facientem
821 2586 915 2635 labeum
922 2580 1045 2651 poposcit.
1055 2602 1068 2626 ν
1078 2579 1140 2650 Agit
1146 2579 1184 2632 ibi

115 2653 158 2706 nis
174 2665 201 2706 et
212 2655 343 2722 Pindari,
364 2657 429 2708 item
445 2677 476 2710 ea
494 2658 626 2728 Apollonii
674 2662 707 2717 de
717 2662 842 2717 subselliis
851 2661 1024 2730 judiciorum,
1037 2678 1096 2729 quae
1106 2669 1184 2713 erant

115 2731 280 2783 carminibus
290 2771 298 2796 ,
308 2748 333 2797 1,
344 2736 391 2800 755
399 2774 406 2800 ,
415 2733 478 2788 duos
485 2737 561 2790 [uiue
569 2757 626 2791 cur·
674 2740 747 2796 nuda
754 2759 875 2806 scamna,
887 2738 943 2793 sine
955 2739 1023 2792 linea
1033 2778 1041 2805 ,
1051 2737 1093 2791 eui
1104 2736 1185 2790 inniti

115 2827 163 2860 rus
174 2848 182 2875 ,
199 2809 228 2860 in
242 2827 358 2876 quorum
370 2810 451 2865 altero
461 2813 625 2880 OEnomaus;

114 2887 145 2939 in
156 2886 255 2952 altero,
266 2887 312 2955 qui
319 2886 422 2958 Pelopis
428 2892 547 2960 proprius
555 2904 626 2960 erat,

115 2963 173 3032 ipse
183 2964 280 3033 Pelops
288 2983 351 3017 cum
360 2965 533 3036 Hippodamia
540 2971 628 3024 vehe-

117 3041 233 3094 rentur?
246 3041 329 3095 Unde
344 3042 428 3097 alieno
437 3064 514 3099 curru
527 3059 628 3102 vectam

118 3119 238 3188 Hippod.
249 3119 374 3173 certatim
389 3133 472 3190 poetae
478 3124 574 3178 dixere.
592 3127 629 3181 H.

153 3217 192 3269 ap
207 3199 380 3265 Ouetisruslra
384 3199 497 3266 refugis?
507 3211 576 3272 cogi!
582 3224 630 3258 nos

115 3278 280 3344 Iabeajunga'.
293 3275 367 3328 Cum
375 3277 498 3334 Salmasio
507 3282 538 3335 ad
546 3284 629 3338 Solio.

116 3353 631 3428 p.919,intelligendumperpetuumor-

116 3433 213 3485 dinem
219 3431 300 3482 luisse
309 3430 428 3487 sedilium
435 3436 487 3490 sive
499 3439 630 3492 subsellio·

116 3528 197 3574 rum,
212 3525 296 3577 quem
305 3517 394 3560 tamen
405 3512 451 3565 viis
461 3513 631 3570 intersectum

114 3589 195 3643 fuisse
209 3605 269 3639 non
283 3604 423 3655 negarem,
434 3592 479 3644 sed
490 3595 542 3648 vias
554 3607 580 3648 et
592 3617 633 3650 se-

115 3667 195 3722 mitas
203 3666 287 3719 fuisse
297 3664 463 3722 intermedias
468 3673 632 3727 crediderim.

116 3743 181 3799 Post
193 3756 309 3813 tergum
318 3761 382 3794 vero
390 3745 463 3801 fuisse
474 3749 574 3821 lignum
587 3752 633 3804 ali-

117 3822 188 3891 quod
196 3863 205 3889 ‚
219 3819 297 3892 quod
312 3830 384 3890 terga
392 3837 563 3893 spectatorum
576 3841 633 3882 tan-

117 3901 205 3969 gebat,
215 3910 245 3953 et
252 3896 419 3969 prohibebat,
426 3921 459 3954 ne
467 3907 633 3960 retrocedere

117 3989 226 4047 possent
244 3998 251 4031 ε
272 3974 347 4028 unde
369 3975 449 4045 dixit,
467 3985 635 4052 quetismslra

116 4057 240 4125 resrapri?
261 4059 334 4121 coast
343 4072 389 4107 aas
399 4057 552 4128 liaeajungr'.
564 4064 633 4115 Nam

118 4146 239 4204 prouaet
248 4132 368 4188 studiose
377 4145 503 4203 spectans,
514 4140 558 4192 ubi
567 4138 634 4194 ovi-

675 2832 750 2890 tergo
766 2829 871 2890 possent
887 2816 1029 2871 insidentes
1045 2835 1052 2869 ε
1070 2834 1085 2868 a
1105 2812 1185 2867 Circo

675 2917 739 2970 ergo
755 2897 808 2968 peti
826 2895 930 2950 Cassius
948 2894 1051 2947 volebat
1066 2893 1183 2958 lineam,

674 2987 770 3031 contra
790 2974 980 3029 transilientem
1002 2970 1184 3025 subselliorum

677 3055 807 3108 ordinem.
822 3054 858 3107 At
867 3052 908 3105 illa
916 3052 1049 3104 lineanon
1060 3045 1185 3117 prohibe-

676 3133 737 3198 bat,
750 3149 802 3200 quo
814 3131 914 3188 minus,
928 3129 972 3196 qui
984 3136 1042 3195 post
1054 3135 1126 3193 terga
1137 3143 1186 3176 se-

677 3209 770 3274 debat,
789 3206 897 3277 genibus
916 3215 943 3257 et
963 3202 1081 3256 eruribus
1100 3210 1187 3268 posset

677 3307 732 3341 esse
744 3285 883 3338 molestus:
894 3293 923 3334 ot
938 3301 968 3333 ex
982 3300 1006 3331 v.
1024 3279 1055 3331 23
1069 3294 1076 3328 a
1088 3288 1115 3330 et
1127 3277 1186 3330 Art

680 3364 768 3417 Amat.
779 3379 803 3425 1,
820 3364 884 3432 157,
903 3367 1025 3428 apparet;
1043 3356 1185 3410 nonenim
1227 3364 1231 3371 '

678 3431 1187 3510 eratseptumaliquodexsolidisetcon-

679 3519 758 3573 tinuis
770 3516 863 3571 tabulis
874 3526 900 3568 et
909 3512 1050 3573 asseribus;
1063 3508 1108 3562 sed
1116 3510 1187 3563 sim-

679 3596 737 3665 plex
749 3595 851 3664 lignum
862 3593 914 3646 sive
928 3590 1013 3652 linea,
1027 3603 1084 3653 quae
1097 3587 1186 3638 inter-

678 3675 746 3728 stitia
755 3673 874 3741 quaedam
884 3678 971 3738 aperta
979 3663 1153 3732 relinquebat,
1161 3676 1189 3718 et

679 3751 723 3805 cui
735 3751 848 3809 humero
861 3759 886 3800 et
898 3742 1006 3812 scapulis
1017 3741 1094 3793 inniti
1106 3753 1188 3809 pote-

680 3838 756 3891 rant,
769 3837 797 3877 ut
808 3826 834 3877 in
847 3820 980 3876 hodiernis
991 3817 1112 3870 sedilibus
1118 3838 1187 3890 sepe

681 3906 807 3959 videmus.
819 3902 917 3953 noan.

714 4001 753 4034 ao.
777 3982 839 4031 Haec
855 3982 882 4028 iu
898 3979 959 4041 lege.
977 3974 1020 4024 Et
1038 3975 1105 4039 Iege,
1124 3973 1189 4028 editi

680 4059 756 4113 multi
775 4067 802 4109 et
823 4066 874 4107 tres
893 4050 1000 4120 scripti:
1017 4049 1062 4103 sed
1083 4051 1191 4106 mollior

680 4154 777 4201 sonus,
793 4136 891 4187 hecata.
904 4129 1001 4182 Boset.
