2798 4702
198 306 264 375 286
478 308 515 372 P.
545 308 722 376 OVIDII
751 309 975 379 NASONIS

195 451 273 522 Non
287 447 365 521 satis
383 464 434 521 est
449 448 578 521 venisse
596 448 675 533 tibi,
695 478 746 523 me
763 468 851 538 vate,
869 450 1023 551 puellam.

242 563 323 634 Arte
340 588 412 635 mea
429 579 524 662 capta
539 577 612 634 est:
631 579 698 635 arte
718 561 857 636 tenenda
874 592 945 637 mea
961 582 1020 637 est.

193 678 262 751 Nec
278 677 390 751 minor
404 694 455 750 est
470 677 592 763 virtus,
613 706 712 778 quam
731 705 894 777 quaerere,
911 697 1005 779 parta
1021 682 1105 754 tueri
1121 712 1129 752 :

242 791 346 865 Casus
362 788 549 878 inest.illic;
566 791 622 865 hie
639 792 701 866 erit
716 791 795 865 artis
811 821 906 892 opus.

193 909 290 981 Nunc
305 905 405 993 mihi,
425 906 453 979 si
472 905 622 1006 quando,
641 908 728 979 Puer
740 924 774 979 ει
788 907 966 1007 Cytherea,
984 907 1107 984 favete:
1225 937 1254 984 ιε,
1299 984 1303 991 ,

240 1024 338 1095 Nune
353 1024 478 1108 traam
494 1050 572 1095 nam
589 1039 625 1095 tu
643 1050 766 1095 nomen
784 1023 906 1095 amoris
922 1022 1035 1096 hahes.

195 1137 318 1232 Magna
334 1165 415 1237 paro
431 1167 439 1209 :
455 1165 536 1237 quas
552 1137 660 1238 possit
678 1139 783 1209 Amor
797 1165 962 1211 remanere
978 1167 1039 1238 per
1055 1157 1140 1213 artes

240 1252 374 1340 Dicere,
389 1270 456 1326 tam
473 1267 566 1326 vasto
584 1280 746 1354 pervagus
765 1253 846 1326 orbe
863 1281 962 1352 puer:

190 1374 236 1445 Et
252 1370 333 1446 levis
349 1389 418 1458 est,
436 1388 470 1444 et
483 1370 586 1445 habet
601 1369 766 1466 geminas,
787 1368 909 1468 quibus
927 1368 1049 1457 evolet,
1069 1369 1154 1443 alas:

240 1486 385 1560 Difficile
403 1502 454 1560 est
470 1484 537 1559 illis
554 1486 752 1587 imposuisse
770 1483 916 1558 modum.
1219 1507 1251 1555 ηε

192 1603 346 1702 Hospitis
361 1600 484 1695 effugio
501 1616 734 1700 presumeret
750 1600 861 1674 omnia
878 1601 993 1674 Minos
1009 1631 1017 1672 :

225 1816 263 1849 ιι.
274 1797 333 1848 Non
343 1798 409 1847 satit
420 1799 460 1844 est
470 1796 569 1845 oemtse
579 1794 641 1853 titi,
658 1812 697 1844 me
745 1791 842 1860 Regius
852 1801 879 1844 et
887 1792 929 1846 alii
937 1794 1084 1864 complures
1094 1814 1155 1848 curn
1166 1794 1249 1864 prima

189 1879 260 1934 vste,
269 1875 389 1940 puellam.
399 1869 505 1940 Vulgat.
516 1871 697 1923 Nousats‘ss'n·
744 1867 860 1922 editione
872 1886 878 1920 :
889 1869 959 1938 quod
968 1873 1086 1940 sequitur
1093 1872 1183 1926 Heius.
1197 1871 1251 1925 Sed

189 1952 389 2004 senisseIidiest.
395 1946 505 2016 Optime
512 1965 576 2000 vero
582 1945 695 2016 Regius,
744 1950 799 2002 nou
809 1948 967 2003 movendam
980 1962 1045 2020 puto
1054 1954 1250 2015 voeemesolat,

188 2047 239 2081 non
251 2032 318 2080 satis
330 2033 370 2079 est
381 2031 478 2079 ventare
489 2028 543 2078 titi.
560 2024 617 2094 Qui
631 2043 696 2077 mo·
743 2045 802 2095 que
816 2036 890 2078 notat
901 2027 1010 2080 evadere
1020 2047 1113 2081 manus
1121 2028 1252 2097 prendere

188 2102 237 2157 dus
254 2101 378 2172 loquendi
395 2101 535 2170 Propertio
552 2099 696 2155 admodum
716 2123 721 2136 ¹
743 2102 1250 2173 cupientium,etinaltum,velexcons-

188 2180 321 2234 familiaris
331 2198 338 2233 τ
348 2179 420 2233 etita
430 2184 557 2232 tonsem're
565 2178 695 2249 puellam,
743 2191 821 2251 pecto
828 2180 924 2234 volare.
934 2181 974 2234 lta
982 2180 1050 2252 apud
1060 2181 1170 2234 Sueton.
1182 2181 1250 2251 Aug.

187 2276 302 2328 prorem
315 2257 410 2311 habere
422 2276 483 2311 eum
496 2257 581 2327 puella
594 2255 696 2311 dieitur.
744 2273 818 2325 xctv,
831 2258 986 2313 Torrentius
996 2269 1070 2312 notat
1078 2258 1106 2311 in
1119 2258 1200 2311 tribus
1212 2259 1250 2310 li-

190 2335 294 2406 Apulej.
305 2352 344 2401 w,
354 2335 465 2388 Metam.
477 2335 610 2389 &ustuire
618 2339 646 2387 r'rs
655 2355 697 2388 oo·
743 2337 796 2390 bris
804 2336 891 2403 fuisse,
903 2337 936 2390 de
944 2335 1037 2406 aquila,
1046 2354 1119 2406 quem
1126 2338 1251 2389 altissime

187 2417 307 2481 luptatem
319 2411 696 2468 VeremasedixittetitaGreci
742 2419 956 2472 sudassetretita
964 2415 1046 2471 edidit
1054 2404 1250 2469 AldusButtsr.

187 2493 243 2546 sere
252 2495 408 2567 swipxmtoet,
418 2491 451 2544 de
461 2511 491 2545 re
499 2492 634 2558 Veneres,
645 2491 696 2544 ho-
777 2516 816 2548 21.
830 2498 946 2563 Hospitis
961 2495 1058 2563 effugio
1070 2504 1117 2547 etc.
1132 2491 1248 2557 Dedali,

187 2578 263 2623 nesto
273 2569 398 2622 vocabulo
409 2579 527 2623 utuntur.
540 2570 641 2624 Ηειιιε.
745 2572 791 2642 qui
803 2570 836 2625 ad
848 2572 969 2626 Minoem
981 2573 1148 2641 confugerat,
1166 2570 1248 2638 capite

227 2645 264 2698 ι6.
282 2647 371 2708 Nunc,
393 2647 474 2700 Erato
490 2656 537 2702 etc.
557 2649 618 2701 Non
636 2646 696 2700 ideo
746 2649 1128 2720 damnatusabAreopago,ob
1136 2647 1247 2701 occisum

188 2733 293 2778 tantum
304 2724 410 2777 Musam
418 2723 486 2778 hanc
496 2725 566 2778 Naso
574 2726 694 2792 invocat,
742 2729 839 2782 sororis
850 2728 933 2781 filium
942 2727 1066 2792 Talaum,
1079 2727 1186 2795 quinon
1198 2724 1248 2777 irn-

187 2801 693 2878 quianornenabAmore,detestlporoe,
743 2825 833 2876 parem
856 2825 883 2859 se
901 2804 1035 2874 quondam
1048 2805 1075 2858 iu
1096 2814 1173 2868 arte,
1196 2822 1248 2872 qua

188 2892 216 2935 et
233 2881 348 2934 versibus
368 2891 460 2950 preest
476 2881 623 2944 amatoriis3
648 2881 694 2935 aed
742 2880 1053 2952 precellebatDedalus,
1067 2882 1185 2934 futurum
1198 2881 1247 2933 mi·

189 2960 330 3032 quiabellis
341 2959 420 3012 etiam
431 2999 438 3027 ,
449 2976 507 3029 que
518 2977 573 3012 non
583 2979 642 3012 rara
653 2961 694 3014 in·
741 2959 859 3012 uebatur.
877 2956 1016 3010 Dedalum
1033 2969 1122 3010 autem
1140 2957 1245 3022 Minos,

188 3052 229 3092 ter
240 3048 358 3092 amantes
370 3046 539 3107 consurgunt.
551 3035 595 3090 sie
607 3036 694 3106 prelia
741 3037 769 3089 iu
779 3036 835 3105 ipso
844 3054 923 3105 quem
931 3045 1074 3100 struxerat,
1085 3031 1245 3106 labyrintho,

186 3116 303 3170 dicturus
311 3115 405 3183 Maro,
415 3133 473 3185 que
484 3135 515 3169 ex
527 3133 616 3169 amore
627 3117 694 3169 Tur·
741 3133 802 3168 cum
815 3116 889 3168 lcaro
901 3112 955 3166 silio
968 3112 1085 3178 inclusit,
1099 3112 1159 3182 quia
1172 3112 1245 3165 Pasi-

186 3194 214 3247 ni
227 3204 254 3248 et
266 3194 359 3247 AEnee
374 3193 401 3246 in
414 3190 567 3259 Lavinium,
585 3204 692 3260 exorta,
741 3192 826 3262 pheen
834 3232 842 3259 ,
850 3192 931 3246 Tauri
939 3210 1028 3246 amore
1037 3193 1183 3258 furentem,
1192 3210 1246 3244 sue

188 3273 284 3340 Erato,
295 3290 351 3325 non
359 3269 508 3341 Calliopen,
520 3271 624 3326 iuliane
632 3290 693 3341 par·
740 3271 802 3324 artis
819 3289 867 3340 ope
884 3271 993 3339 iuyerat
1007 3269 1059 3323 Sed
1076 3280 1170 3323 tactam
1188 3286 1245 3323 reru

186 3363 241 3405 tem
264 3350 349 3420 operis
370 3351 466 3405 sociam
486 3349 594 3405 advocat
611 3371 617 3403 ε
634 3349 692 3404 ride
741 3348 841 3414 obiter,
854 3349 882 3401 in
894 3348 936 3402 lib.
945 3348 1115 3419 precedenti,
1130 3352 1191 3420 295,
1205 3348 1246 3400 lu·

188 3428 294 3482 AEneid.
306 3428 402 3482 librum
414 3445 469 3495 vn,
485 3429 516 3498 37
528 3448 534 3481 :
741 3427 793 3480 sius
801 3444 849 3478 suo
858 3426 930 3492 loeo,
943 3425 975 3480 ad
985 3426 1094 3479 Metam.
1103 3443 1171 3491 vm,
1182 3437 1245 3479 trae·

186 3514 292 3563 Narraga,
299 3514 334 3564 qui
339 3524 401 3560 reges,
407 3513 521 3562 tntaque
528 3521 691 3561 temporaneum.
739 3503 860 3557 tabimus.
877 3532 910 3543 -
921 3506 1086 3557 staeclaserat
1094 3509 1178 3579 ‘'Ml‘'
1187 3504 1246 3555 Mi-

219 3589 255 3641 18.
272 3589 335 3640 Tana
343 3591 415 3638 vasto
422 3604 546 3652 pervagus
557 3589 692 3652 ordepuer.
739 3599 794 3634 tros.
806 3583 987 3634 Praestmerat
996 3581 1116 3635 meliores
1124 3581 1182 3634 libri
1191 3599 1246 3632 rna-

193 3668 269 3727 Taeer,
283 3663 315 3717 ad
320 3682 456 3731 pervagus,
470 3682 503 3715 an
512 3662 543 3714 ad
554 3669 626 3716 vasto
635 3667 692 3716 orbe
742 3678 795 3730 gno
806 3674 937 3713 numero:
955 3661 1049 3713 rectius
1060 3682 1066 3722 ;
1079 3678 1141 3712 nam
1153 3662 1248 3711 classi!

188 3741 380 3796 referendum?
400 3740 508 3794 Donat.
527 3769 560 3780 -
577 3741 690 3794 Minime
738 3759 799 3791 mor
808 3739 933 3808 sequitur.
943 3739 1065 3793 Daedalus
1075 3739 1128 3807 ipse
1138 3737 1179 3789 lib.
1191 3751 1243 3787 ειιι

186 3819 323 3875 dubitandi
334 3821 404 3874 locus
414 3818 477 3889 quin
489 3818 521 3871 ad
534 3822 615 3872 orbem
624 3820 690 3872 rese·
739 3818 848 3871 Metam.
863 3819 922 3884 185,
936 3817 969 3870 de
982 3817 1151 3870 Minotauro:

188 3916 241 3962 ras,
254 3899 436 3968 vixrapacem,
451 3916 532 3967 quum
539 3897 571 3950 sit
576 3903 627 3950 lam
635 3917 690 3950 vas·
885 3909 956 3946 ‘renas
964 3909 1019 3951 lieet,
1031 3905 1133 3957 inquiner
1143 3901 1205 3939 unt-s

185 3982 240 4035 lus,
254 3992 355 4040 puerum
367 3977 484 4042 Amorem
493 3979 615 4042 capiendi.
736 3980 842 4031 obstruat,
851 3990 871 4018 et
879 3981 947 4018 culum
955 3988 1006 4017 certe
1012 3985 1078 4029 putet:
1089 3976 1161 4014 ibimus
1170 3976 1221 4012 illae.

225 4072 262 4124 sq.
283 4057 378 4120 Qur'bus
398 4057 479 4107 asold
488 4094 496 4116 ,
519 4057 584 4105 alas.
600 4055 692 4105 Asole!
737 4054 768 4106 ln
778 4055 885 4122 vulgatis
889 4054 1084 4119 prestn‘rsxers'l3
1095 4068 1241 4118 perperam.
