2798 4702
157 316 224 403 uu
437 311 952 382 r.ov1o11uusou1s

156 454 330 534 Perfruere
346 481 454 555 usque
471 470 545 540 tua,
557 449 653 524 nullo
672 449 890 550 prohibente,
908 449 1045 552 puella:

206 569 268 645 ltla
284 570 349 644 tibi
365 586 482 643 noctes
499 567 643 655 auferat,
661 565 720 640 itta
737 567 818 641 dies.

158 685 271 761 Taedia
288 713 413 786 quaere3
426 682 522 758 malis
538 682 665 756 sariunt
682 699 715 755 et
733 682 828 757 taedia
843 683 953 758 finem.

207 803 283 875 Jam
302 829 453 903 quoque,
469 828 573 901 quum
589 798 703 875 eredas
721 828 820 900 posse
838 829 962 890 cerere,
979 830 1088 876 mane.
1195 828 1250 895 540

160 919 252 992 Dum
268 918 355 992 bene
373 934 404 991 te
422 916 586 1006 cumules,
602 934 636 991 et
652 916 749 1017 eopia
768 914 864 990 tollat
883 947 1046 1008 amorem,

207 1036 238 1108 E
256 1033 403 1107 fastidite
420 1062 491 1107 nou
506 1033 599 1132 juvet
615 1032 681 1106 isse
701 1032 814 1106 domo.

161 1157 218 1230 Fit
234 1185 368 1258 quoque
385 1155 507 1252 longus
527 1185 635 1245 amor,
651 1185 751 1256 quem
769 1155 952 1232 diffidentia
968 1158 1102 1233 nutrite

214 1280 314 1354 Hunc
331 1298 367 1353 tu
387 1280 416 1354 si
434 1307 559 1380 quaeres
572 1309 714 1381 ponere,
730 1309 820 1381 pone
836 1301 971 1355 metum.

165 1403 236 1503 Qui
255 1404 367 1493 timet,
382 1422 422 1478 ut
437 1433 497 1481 sua
513 1404 575 1494 sit,
589 1433 656 1479 neu
676 1404 751 1506 quis
768 1405 835 1478 sibi
854 1404 1006 1479 detrahat
1022 1403 1137 1496 illam,
1193 1425 1246 1497 545

213 1527 275 1603 Ille
290 1530 489 1605 Machaonia
506 1531 560 1605 vir
577 1559 642 1632 ope
659 1558 760 1605 sanus
778 1531 852 1605 erit.

166 1646 248 1722 Plus
265 1669 353 1724 amat
368 1681 385 1725 e
403 1653 491 1726 uatis
507 1671 612 1727 mater
626 1652 823 1754 plerumque
839 1651 991 1740 duobus,

217 1773 283 1844 Pro
302 1773 396 1871 eujus
413 1773 540 1862 reditu,
556 1775 648 1876 quod
666 1776 752 1871 gerit
768 1803 875 1864 arma,
892 1775 995 1849 timet.

167 1895 231 1967 Est
246 1922 352 1998 prope
367 1894 533 1971 Collinam
551 1895 712 1999 templum
729 1897 917 1980 venerabile
932 1914 1084 2000 portum:

217 2019 385 2120 Imposuit
401 2019 525 2123 templo
539 2021 677 2096 nomina
694 2020 802 2096 celsus
817 2023 919 2123 Eryx.
1193 2039 1245 2093 550

168 2143 233 2217 Est
248 2141 316 2217 illic
332 2144 486 2221 Lethaeus
501 2148 625 2236 Amor,
641 2147 700 2248 qui
717 2165 853 2249 pectora
869 2162 980 2232 sanat;

217 2268 325 2367 Inque
343 2296 418 2343 suas
435 2269 576 2365 gelidam
591 2269 759 2373 lampadas
773 2270 867 2344 addit
883 2296 1013 2369 aquam.

170 2385 244 2464 Illic
261 2408 295 2464 et
308 2392 444 2491 juvenes
461 2395 549 2468 votis
567 2392 692 2468 oblivia
708 2410 872 2495 poscunt;

207 2611 262 2680 537.
283 2613 358 2664 Utere
367 2620 394 2665 et
401 2633 477 2682 usque
485 2621 537 2667 tua.
548 2614 647 2684 Regius
654 2624 682 2670 et
730 2624 791 2670 cant
800 2613 859 2667 libri
867 2622 980 2665 veteres:
990 2619 1078 2664 cetera
1086 2608 1247 2664 auctoritate

173 2688 327 2743 Puteeneus
337 2710 398 2744 cum
408 2693 585 2761 quatuoraliio
597 2703 623 2745 et
631 2692 681 2761 pri·
730 2693 851 2747 codicum
863 2691 1021 2759 scriptorum
1033 2687 1166 2740 nituntur.
1192 2688 1231 2740 H.

173 2784 217 2819 ma
234 2767 367 2837 editione,
380 2772 419 2822 E!
426 2770 530 2838 fruere:
543 2769 609 2825 alter
621 2771 682 2825 Re·
764 2774 821 2837 545.
842 2773 896 2838 Qui
902 2775 974 2823 tr'rrret
985 2775 1014 2820 ut
1021 2785 1070 2818 sua
1080 2769 1129 2827 sit,
1145 2784 1178 2818 ue
1190 2769 1250 2834 quis

173 2844 683 2915 gius,r'rrsruere:duo,se'csruere.Scri-
731 2852 786 2908 siti
793 2848 927 2900 subtrahat
935 2849 1015 2899 r'llarrr.
1024 2845 1154 2896 Detrahat
1161 2843 1251 2912 prima

172 2925 221 2993 be,
234 2927 345 2995 Ismere.
357 2927 448 2982 Codex
458 2939 548 2983 tamen
558 2928 682 2998 scaligeri
733 2927 814 2981 editio
827 2937 855 2980 et
867 2925 985 2995 plerique
1003 2923 1100 2992 scripti.
1119 2922 1166 2975 Sic
1179 2922 1251 2976 Met

172 3016 200 3058 et
213 3027 281 3063 unus
293 3009 451 3079 Vaticanus,
464 3011 607 3080 Perfruere,
620 3030 686 3079 quoe
733 3007 785 3074 vl,
799 3005 863 3057 386:
877 3005 948 3070 Quid
951 3023 990 3055 me
999 3003 1192 3068 mihr'detrahr's,
1204 3005 1252 3054 ἰα-

174 3104 278 3154 sequor.
298 3086 343 3141 sie
356 3087 437 3157 Epist.
450 3104 522 3155 vm,
537 3088 602 3141 106:
732 3088 803 3154 quet?
814 3083 947 3137 Pretereu
961 3079 1118 3151 legendum:

198 3170 371 3225 Porsrmrinsetix
379 3172 469 3211 liberiore
479 3172 537 3213 mlo.
579 3173 659 3213 niue.
734 3160 1252 3222 Quitimet,utomnitueuquiuibidembntiltm,

209 3247 266 3312 541.
282 3248 352 3298 Dum
364 3249 425 3299 berre
435 3253 460 3299 te
470 3250 597 3310 cumulas,
610 3255 638 3301 el
644 3268 687 3302 co·
735 3246 865 3299 Subtrahr't
874 3240 938 3294 dixit
952 3251 1041 3293 tamen
1051 3256 1121 3306 supr.
1132 3237 1191 3301 444.

171 3329 220 3394 pia
231 3327 301 3376 tollit
309 3344 426 3377 amomn·
440 3327 557 3378 Cumules
571 3336 599 3378 et
615 3330 690 3379 tollat
770 3323 826 3388 546.
848 3322 899 3373 Vr'e
909 3337 955 3386 ope
961 3336 1041 3370 sarius
1050 3320 1104 3368 err't.
1116 3313 1170 3366 Atii
1179 3312 1254 3380 libri,

175 3403 265 3473 scripti
273 3403 688 3473 cumprimaeditione.Sequenti
735 3404 921 3459 tetrartum,
935 3399 1029 3449 salvus.
1047 3392 1102 3447 Sed
1115 3390 1155 3444 nit
1167 3401 1256 3445 muta.

174 3500 270 3547 versu,
281 3501 331 3551 pro
342 3487 404 3535 libet
413 3501 481 3545 esse,
493 3493 593 3536 veteres
603 3481 688 3551 pleri·
737 3477 893 3541 Patavium,
906 3481 1058 3528 sanuserat.
1072 3471 1143 3541 Lego
1152 3509 1160 3536 ,
1170 3489 1257 3523 sanus

176 3579 227 3629 que
235 3562 312 3628 juret
325 3561 366 3613 vel
373 3562 452 3627 licea!
466 3579 474 3610 .·
490 3560 536 3614 sed
549 3560 687 3624 meliores,
736 3556 949 3612 eatVideNotas
956 3555 984 3607 iu
991 3552 1110 3621 Elegiam
1118 3550 1151 3603 de
1161 3561 1256 3604 morte

169 3641 250 3707 juret.
265 3640 391 3710 scaligeri
408 3639 489 3693 codex
501 3650 529 3693 et
546 3658 615 3692 unus
626 3640 689 3692 Va·
737 3636 838 3702 Drusi,
853 3635 900 3688 suh
913 3634 1006 3686 finem.
1019 3632 1168 3684 Humerus.

176 3719 295 3785 ticeuue,
306 3719 464 3786 lujaslidr'la.
477 3718 563 3789 Lego,
577 3717 689 3771 minima
771 3718 828 3788 549.
845 3716 896 3766 Est
902 3731 981 3780 prope
994 3713 1120 3764 Collinam
1132 3710 1257 3775 tenplum

176 3799 324 3851 mutatione
340 3818 346 3850 :
737 3799 879 3848 venerabile
892 3800 1009 3861 portam:
1022 3794 1145 3857 Imposuit
1160 3792 1257 3853 tenplo

175 3887 230 3927 num
236 3888 451 3935 meduanum
460 3889 516 3938 cupi·
527 3889 689 3932 uturum,
738 3878 841 3927 nomina
855 3876 939 3925 celsus
948 3874 1029 3942 Eryx.
1046 3869 1103 3922 Lib.
1118 3865 1167 3933 IV,
1182 3865 1205 3918 F
1206 3876 1259 3918 ast.

201 3960 358 4002 ttautdiunon
367 3965 422 4013 juvet
431 3964 469 3999 im
475 3962 540 4002 domo.
739 3953 796 4021 871.
807 3951 905 4004 Strabo
917 3949 960 4002 lib
973 3965 1012 4001 Vl.
1026 3946 1106 4000 Clor.

177 4033 232 4085 Pro
251 4035 288 4084 Et
302 4037 484 4105 reposuimus,
498 4037 541 4098 Ε,·
555 4053 604 4105 pro
617 4052 689 4096 esse,
780 4032 837 4083 551.
859 4031 967 4080 Pectora
985 4031 1071 4078 sanat.
1090 4025 1164 4076 Forr'!
1181 4040 1260 4076 uuus

176 4117 246 4164 isse:
258 4111 286 4164 in
299 4114 393 4180 quibus
403 4115 615 4182 frequentissime
627 4131 689 4182 pec-
740 4108 854 4162 Heinoii.
870 4110 980 4161 Vulnera
991 4109 1086 4168 sanat,
1105 4100 1171 4156 alius
1182 4119 1260 4154 mox.
