2798 4702
431 373 665 440 AMORUM
695 375 724 439 1.
755 374 901 441 ELEG.
931 376 977 441 X.
1184 387 1223 451 51

164 517 212 592 Et
225 513 354 602 vendit,
375 513 467 616 quod
484 532 663 614 utrumque
678 515 786 612 juvat,
805 515 897 616 quod
914 534 1053 620 uterque
1069 522 1227 620 petebat3

215 637 260 708 Et
272 634 432 735 pretium,
453 633 569 732 quanti
588 630 729 727 gaudeat
744 632 833 732 ipsa,
852 631 939 707 facit.

167 751 252 848 Quae
268 752 383 824 Venus
400 776 440 822 ex
455 774 550 849 aquo
567 764 705 823 ventura
721 765 773 823 est
788 766 883 844 grata
898 749 1048 841 duobus,

216 864 332 939 Altera
348 893 408 939 eur
424 863 514 937 illam
530 863 661 951 vendit,
680 882 714 938 et
730 862 813 938 alter
828 865 930 940 emit?

168 981 240 1056 Cur
253 980 336 1054 mihi
354 981 399 1052 sit
415 978 553 1066 damno,
573 978 638 1052 tibi
655 978 700 1053 sit
715 977 847 1054 lucrosa
863 978 1032 1081 voluptas,
1190 1008 1233 1062 aa

215 1096 327 1194 Quam
343 1095 434 1170 socio
452 1112 547 1169 motu
564 1094 686 1170 semina
702 1095 818 1197 virque
835 1095 973 1170 ferunt?

166 1212 245 1286 Non
262 1212 347 1286 bene
364 1210 522 1286 conducti
537 1211 686 1285 vendunt
701 1210 845 1312 perjuria
862 1228 986 1285 testes:

214 1328 293 1401 Nou
309 1329 395 1403 bene
411 1327 523 1402 selecti
538 1327 660 1427 judicis
678 1354 752 1401 area
767 1343 869 1426 patet.
922 1368 925 1375 ·

164 1443 296 1542 Turpe,
315 1471 393 1517 reos
408 1460 495 1518 emta
512 1442 651 1518 miseros
668 1441 842 1530 defendere
856 1439 993 1537 lingua:

215 1559 318 1655 Quod
335 1559 434 1635 faciat
448 1588 600 1656 magnas,
621 1578 736 1660 turpe,
755 1556 903 1632 tribunal
921 1586 1022 1658 opes:
1199 1583 1231 1651 40

164 1677 294 1776 Turpe,
314 1676 378 1749 tori
392 1675 500 1751 reditu
519 1704 637 1750 census
656 1704 776 1769 augere
792 1690 967 1774 paternos,

216 1794 262 1865 Et
276 1792 392 1866 faciem
408 1791 501 1866 lucro
519 1791 735 1893 prostituisse
751 1818 853 1864 suam.

170 1909 282 1984 Gratia
294 1938 359 2010 pro
376 1909 477 1983 rebus
493 1908 613 1982 merito
632 1906 774 1980 debetur
791 1905 970 2005 inemptis:

216 2025 281 2099 Pro
298 2023 382 2099 male
400 2022 566 2098 conducto
585 2022 691 2117 gratia
707 2017 800 2093 nulla
816 2038 901 2093 toro.
1004 2065 1005 2068 =

141 2126 144 2130 ’
169 2142 290 2216 Omnia
307 2141 491 2215 conductor
508 2137 607 2212 solvit
621 2124 791 2210 :mercede
809 2134 919 2210 soluta
1015 2185 1019 2194 ·

214 2258 292 2330 Non
306 2273 419 2330 manet
433 2253 544 2328 officio
560 2250 694 2325 debitor
710 2247 766 2323 ille
782 2265 851 2322 tuo.

165 2371 308 2459 Parcite,
327 2370 496 2456 formosa,
510 2368 655 2468 pretium
671 2394 734 2467 pro
751 2379 850 2440 nocte
865 2366 1006 2466 pacisci!

212 2497 290 2569 Non
306 2495 410 2570 habet
425 2510 561 2567 eventus
578 2489 712 2565 sordida
726 2490 838 2591 praeda
853 2474 973 2562 bonos.

163 2621 243 2694 Non
260 2620 326 2694 fuit
344 2617 485 2694 armillas
503 2617 587 2691 tanti
604 2614 771 2718 pepigisse
788 2613 946 2714 sabinas,

199 2813 239 2866 31.
251 2813 389 2865 Eruenda.
398 2813 519 2874 Etoenit,
530 2811 671 2885 Gryphius.
720 2821 844 2882 pretores
854 2811 968 2879 Urbani,
977 2811 1169 2867 subsortitione
1178 2816 1226 2868 sac·

168 2889 276 2943 Rectius
287 2886 328 2939 alii
342 2887 394 2939 :ita
405 2887 522 2957 Propert.
534 2905 560 2955 1,
576 2909 622 2955 ιι,
636 2891 670 2955 4:
721 2900 761 2958 ta,
779 2890 909 2960 optimum
924 2909 1056 2959 quemque
1073 2891 1103 2943 in
1120 2893 1227 2944 selectos

191 2967 460 3022 'requpmgrinnmdm
470 2970 589 3009 numano.
718 2967 817 3036 judiees
828 2969 993 3033 referebant,
1007 2976 1037 3019 ut
1049 2977 1159 3020 testatur
1172 2966 1225 3020 ci-

166 3042 252 3097 Plana
271 3040 329 3094 Mil.
342 3056 382 3107 ιι,
405 3061 466 3109 rrr,
488 3045 670 3110 41:None50
718 3063 796 3112 cero,
815 3063 864 3114 pro
882 3043 1013 3097 Cluentio.
1032 3070 1065 3085 -·
1082 3047 1141 3098 Non
1164 3047 1226 3096 bene

160 3137 277 3187 possum,
295 3138 347 3187 qu
357 3125 415 3185 apsa
424 3138 453 3172 se
464 3118 604 3187 venditat,
622 3126 669 3172 tre-
713 3129 795 3191 μία.
812 3123 903 3192 Turpe
924 3132 964 3176 est
978 3140 1064 3174 arcam
1077 3131 1165 3191 patere
1177 3125 1226 3192 ju-

164 3204 248 3252 tan'er.
258 3198 355 3251 Bou.
717 3201 795 3268 dicis,
808 3200 961 3271 excipiendo
972 3201 1070 3254 venalis
1077 3205 1223 3270 sententie,

198 3278 239 3330 32.
249 3279 408 3346 EIprelr'um.
419 3277 514 3343 Forte,
527 3280 669 3345 septetum
717 3278 758 3330 vel
771 3278 850 3331 etiam
859 3276 961 3346 judicii,
976 3277 1066 3347 pretio.

157 3357 240 3425 facit.
749 3353 789 3420 46.
807 3357 865 3407 Non
877 3360 969 3407 muel.
986 3355 1154 3421 Forte,aeem
1165 3377 1225 3409 ma-

196 3434 237 3487 33.
250 3435 310 3502 One
322 3437 447 3489 Verum
460 3444 586 3502 aquoetc.
599 3433 669 3502 Quae
716 3435 782 3486 net?
794 3431 894 3485 Herna.

162 3511 279 3582 voluptas
289 3513 393 3580 utrique
400 3512 548 3565 communis
554 3511 612 3579 erit,
621 3530 669 3566 our
749 3511 789 3581 49.
802 3509 1072 3562 Arma‘llas...Sabr'ras.
1085 3509 1225 3581 Quaages-

161 3587 409 3652 venalisaiterutri?
717 3585 1224 3655 tabantSabini.Tarpeiaesabulamtau·

195 3667 235 3720 38.
256 3668 315 3720 Nou
332 3669 395 3719 berre
411 3666 609 3734 selectip‘udr'cr's
619 3676 668 3719 ete.
718 3666 763 3734 git,
775 3685 853 3734 quam
863 3667 899 3719 sic
907 3675 997 3718 narrat
1005 3665 1060 3717 Liv.
1069 3664 1111 3717 lib.
1121 3682 1141 3731 1,
1151 3686 1172 3719 c.
1182 3684 1225 3721 xr:

162 3765 176 3791 α
189 3742 312 3797 Decuriae
324 3744 440 3812 quinque
455 3742 597 3812 (judicum)
609 3744 669 3812 ipse
719 3764 732 3788 «
745 3743 834 3810 Hujus
847 3743 911 3813 (Sp.
921 3743 1038 3812 Tarpeii,
1053 3742 1097 3812 qui
1109 3762 1226 3798 romane

161 3821 277 3891 pluribus
290 3821 407 3874 discretz
419 3821 569 3874 nominibus
580 3823 667 3886 fuere,
718 3832 828 3889 praerat
840 3820 906 3889 arei)
919 3820 1000 3874 filiam
1014 3821 1145 3892 virginem
1161 3843 1225 3877 auro

161 3899 330 3952 tribunorum
342 3899 408 3963 teris,
420 3903 574 3962 selectorum,
587 3909 615 3952 et
625 3900 670 3968 ju·
717 3901 863 3970 corrumpit
871 3900 962 3954 Tatius
972 3941 979 3968 ,
990 3905 1172 3957 utarmatosin
1182 3925 1227 3958 ar-

162 3975 285 4030 dicum.»
300 3975 341 4029 Ita
348 3977 464 4043 Plinius,
478 3978 519 4030 tib.
532 3993 636 4043 xxmu,
646 3997 669 4029 a.
717 3995 775 4029 cem
790 3977 897 4048 accipiat
898 4016 936 4031 .....
947 3982 1043 4050 accepti
1053 3981 1174 4035 obrutam
1187 4002 1225 4034 ar·

163 4054 267 4107 Verum
280 4073 335 4107 non
348 4055 398 4108 suit
411 4054 461 4108 hoe
471 4056 558 4108 statim
570 4055 669 4117 ordinis
718 4056 768 4108 mis
787 4075 920 4110 necarere.
938 4084 972 4097 -
989 4057 1104 4111 Additur
1113 4061 1224 4126 sabula,

163 4149 279 4199 nomen,
291 4131 337 4186 sed
346 4133 436 4186 sortis:
446 4151 509 4185 nam
519 4133 669 4202 ejudioibos
719 4132 787 4201 quod
806 4133 883 4203 vulgo
896 4133 986 4188 Sabini
1003 4154 1095 4190 aureas
1111 4141 1227 4189 armillas
