2798 4702
350 328 508 400 aurls
536 327 821 403 AMATORIAE
852 332 948 402 LIB.
976 335 1053 403 111.
1153 336 1215 404 381

209 470 368 572 Quasque
383 489 492 572 petas,
506 499 576 545 non
592 471 649 546 det
663 473 764 571 janua
781 472 868 560 sola,
885 474 954 546 vias
967 475 982 548 ?

159 584 300 661 Fallitur
317 603 352 662 et
363 585 470 661 multo
489 586 638 663 custodis
655 615 734 663 cura
750 591 871 689 Lyaeo:
1171 613 1222 682 645

209 697 271 774 llla
285 699 337 775 vel
353 700 507 800 Hispano
522 697 608 774 lecta
624 701 670 775 sit
684 730 748 778 uva
762 698 856 802 jugo.

161 814 249 889 Sunt
264 844 398 917 quoque
417 843 490 916 quae
504 813 627 888 faciant
641 814 729 890 altos
742 816 958 892 medicamina
975 848 1132 912 somnos3

210 932 371 1033 Victaque
387 928 521 1006 Letbaea
537 927 665 1005 lumina
682 949 782 1006 nocte
797 949 959 1033 premant.

162 1047 232 1122 Nec
246 1045 329 1121 male
346 1044 472 1122 deliciis
490 1044 645 1121 odiosum
662 1047 795 1122 conscia
812 1048 917 1123 tardis

212 1163 367 1250 Detinet3
384 1179 418 1235 et
433 1160 535 1258 longa
549 1161 702 1260 jungitur
716 1162 790 1263 ipsa
806 1192 910 1238 mora.
1175 1189 1226 1244 650

166 1284 259 1383 Quid
276 1285 368 1383 juvat
382 1284 552 1380 ambages,
566 1302 796 1386 praceptaquc
812 1313 914 1386 parva
929 1313 1079 1378 movere,

216 1406 332 1503 Quum
346 1406 484 1480 minimo
500 1423 616 1480 custos
632 1434 766 1480 munere
784 1407 893 1507 possit
909 1409 1000 1482 emi?

168 1531 330 1635 Munera,
347 1529 441 1603 crede
456 1527 557 1617 mihi,
574 1528 710 1629 capiunt
724 1529 943 1632 hominesque
959 1532 1137 1634 Deosque:

219 1650 374 1727 Placatur
389 1651 488 1726 donis
504 1651 640 1753 Jupiter
653 1652 726 1754 ipse
743 1651 838 1728 datis.

172 1774 268 1874 Quid
285 1776 415 1876 sapiens
430 1774 551 1850 faciat?
566 1773 689 1850 stultus
705 1805 839 1878 quoque
856 1806 990 1855 munere
1009 1781 1139 1877 gaudet.
1184 1802 1236 1860 655

221 1899 298 1998 lpse
315 1898 379 1988 vir,
394 1914 529 2000 accepto
547 1926 700 1988 monae,
713 1918 827 1997 mutus
843 1901 916 1975 crit.

173 2020 241 2096 Sed
257 2021 355 2097 semel
372 2041 423 2097 est
437 2038 550 2097 custos
566 2021 706 2120 longum
723 2022 934 2096 redimendus
949 2023 985 2096 in
1003 2051 1144 2101 annom:

224 2145 315 2247 Saepe
330 2145 442 2235 dabit,
457 2143 587 2220 dederit
603 2173 687 2246 quas
705 2142 824 2234 semel,
841 2142 897 2218 ille
913 2172 1041 2218 manus.

207 2359 264 2428 644,
281 2360 398 2428 Quasque
403 2364 480 2426 petel,
493 2377 544 2413 eor
550 2361 595 2413 det
597 2359 685 2428 liam
732 2355 772 2411 die
790 2353 875 2412 verbis
893 2365 920 2410 et
937 2355 964 2411 in
980 2355 1091 2428 longum
1107 2357 1239 2428 productis

177 2444 232 2496 sola
241 2445 305 2494 vebs.
315 2439 385 2509 Lege
395 2477 403 2504 ,
412 2446 600 2507 quaquepeeas,
611 2458 684 2493 nem·
732 2433 864 2504 mitigaret
876 2452 883 2487 ι
894 2432 940 2487 aed
951 2433 1024 2503 prior
1036 2435 1113 2489 lectio
1128 2448 1239 2507 pratae

177 2540 210 2592 pe
218 2520 344 2583 amicam
354 2517 395 2571 vel
405 2518 501 2571 etiam:
516 2520 685 2588 quupa-
765 2514 822 2569 651.
845 2516 1021 2584 Pmcepeaqae
1035 2535 1118 2583 parea
1138 2537 1241 2572 novere.

178 2605 234 2651 teas
243 2615 294 2649 uon
305 2596 438 2663 detjam
447 2598 515 2656 sola,
528 2601 601 2659 vebs,
614 2594 685 2664 quod
734 2592 824 2660 Malo,
838 2599 938 2647 moneri.
957 2593 1001 2647 Sic
1016 2613 1081 2664 ego,
1098 2615 1161 2649 eum
1175 2596 1239 2650 edi·-

180 2676 266 2729 verius
273 2686 318 2729 eet
331 2674 432 2729 Herus.
443 2673 515 2728 Nihil
527 2673 569 2728 bic
577 2686 686 2729 mutan·
734 2673 806 2727 tione
819 2672 920 2743 prima,
938 2683 965 2725 et
977 2672 1091 2741 Aldina,
1106 2685 1132 2728 et
1144 2695 1240 2730 novem

181 2752 260 2816 dum;
279 2771 357 2805 sanus
369 2752 458 2820 enim,
478 2751 499 2804 si
511 2751 568 2820 quia
580 2750 647 2805 ullus
658 2752 687 2805 in
734 2751 849 2821 scriptis,
859 2770 914 2805 non
922 2770 1034 2819 monem
1044 2755 1181 2808 nonenim
1190 2776 1242 2809 reo·

183 2829 304 2897 Nasone,
317 2828 453 2894 hictosa„
465 2829 515 2882 nisi
524 2827 688 2898 quodlegen·
735 2847 821 2881 nemus
830 2839 972 2899 praecepta,
985 2828 1030 2882 sed
1040 2850 1088 2900 per
1099 2830 1142 2884 illa
1155 2830 1243 2885 bomi-

183 2905 269 2974 dum,
287 2915 376 2975 pelas,
399 2906 439 2960 vel
453 2925 500 2977 per
511 2906 641 2975 fenestras
658 2916 689 2960 ut
736 2926 799 2973 nea3
815 2919 843 2962 et
854 2909 890 2963 ita
902 2909 1052 2979 Stephanus
1064 2911 1092 2963 in
1107 2910 1244 2966 Thesauro

183 3005 254 3056 supr.
266 3006 331 3040 vers.
343 2986 393 3040 605
404 3009 411 3051 ς
430 2986 471 3040 vel
478 3007 526 3054 per
538 2993 642 3050 tecture,
659 2996 689 3040 ut
736 3004 785 3039 auo
795 2987 851 3054 jam
861 2986 949 3040 citavit
960 3006 966 3038 :
977 2986 1072 3040 eodem
1082 2987 1163 3041 modo
1174 2989 1244 3058 apud

183 3063 226 3116 lib.
237 3081 264 3130 1,
286 3082 352 3117 vers
366 3067 430 3131 245,
451 3063 492 3116 vel
503 3082 551 3134 per
565 3063 626 3118 aliae
637 3064 690 3119 viae
738 3065 940 3134 Horatium,lib.
948 3066 999 3133 111,
1011 3067 1065 3122 Od.
1074 3084 1124 3128 vu,
1137 3087 1179 3135 ao,
1185 3068 1244 3136 Jal-

186 3140 287 3194 aditum
299 3140 331 3193 ad
344 3144 462 3196 amicam.
737 3144 784 3195 lar
800 3146 930 3197 He'slon'es
954 3152 1037 3196 mouet
1059 3145 1173 3215 legitur,
1196 3163 1246 3214 pro

218 3222 274 3287 646.
288 3224 340 3274 Illa
348 3227 392 3275 oe!
398 3225 513 3289 lle'spm
523 3228 588 3277 lecta
598 3227 635 3276 si!
643 3241 693 3275 era
740 3237 793 3288 quo
802 3219 937 3272 Torrentii
949 3217 1050 3272 codices
1062 3260 1070 3286 ‚
1087 3227 1167 3273 more!
1175 3231 1246 3274 recte

180 3301 252 3366 jope.
266 3300 306 3352 Ne
319 3300 381 3352 vino
391 3319 492 3369 pareas,
505 3300 546 3353 vel
557 3299 688 3369 Hispano,
739 3296 838 3350 babent
849 3318 855 3351 :
867 3299 990 3366 frequens
1000 3299 1073 3350 enirn
1082 3297 1179 3352 borum
1186 3318 1247 3353 ver-

188 3375 259 3445 quod
271 3376 363 3430 ceteris
375 3376 459 3430 multo
472 3378 572 3443 carius,
593 3387 623 3430 ut
634 3394 694 3429 cua-
740 3377 836 3430 borum
847 3377 973 3430 confusio.
986 3377 1069 3430 luunt.

184 3454 262 3509 todes
273 3455 431 3528 sallauSunt
445 3457 489 3525 qui
503 3459 644 3525 IIispanum
654 3455 695 3507 ri-
773 3453 830 3505 653.
839 3455 960 3513 Munera,
974 3454 1127 3514 credem'he',
1141 3458 1249 3522 cape’eel.

189 3533 300 3586 arumde
314 3533 397 3586 viliori
409 3532 561 3603 intelligant
575 3534 616 3587 De
628 3551 695 3602 par-
745 3530 857 3598 captane
869 3530 1051 3584 Famesianus.
1068 3532 1179 3584 Placen!
1187 3530 1249 3584 edi·-

190 3614 268 3667 ticula
278 3617 333 3669 vel.
345 3612 398 3666 vid.
411 3611 557 3666 Broukbua.
569 3612 600 3665 ad
609 3610 695 3665 Tibul.
742 3613 827 3664 tiones
839 3610 938 3679 priores
952 3619 979 3662 et
995 3627 1093 3661 novem
1104 3609 1192 3679 scripti
1205 3626 1211 3660 :
1223 3622 1249 3664 et

192 3694 218 3761 1,
232 3693 306 3762 Eleg.
319 3709 363 3758 tx,
377 3692 417 3745 53.
743 3704 822 3753 mox,
836 3689 988 3755 Jupitere'lle
1003 3703 1070 3738 unus
1084 3685 1200 3755 Regius:
1217 3685 1250 3740 de

223 3772 281 3826 650.
290 3772 559 3838 loeffajneqe'lerepse
568 3768 699 3820 morellle
746 3784 798 3835 quo
810 3765 957 3818 Broukbus.
969 3762 1001 3817 ad
1012 3764 1099 3817 Tibul.
1108 3764 1132 3828 1,
1146 3780 1189 3830 rr,
1205 3787 1249 3840 19,

193 3849 371 3905 Beesmannus
383 3859 409 3901 et
420 3846 557 3919 Micyllus,
577 3845 649 3914 quasi
665 3843 698 3897 ad
746 3841 797 3895 vid.
809 3852 835 3895 et
847 3841 879 3895 ad
891 3842 971 3911 Epist.
981 3855 1038 3906 xlv,
1051 3845 1097 3912 95;
1112 3850 1139 3893 et
1148 3840 1175 3894 11
1188 3841 1251 3896 Ille-

193 3941 338 3984 amatorem
350 3927 501 3997 pertineret
512 3926 699 3992 Fmegr'tere'lle
747 3921 876 3992 tamorph.
888 3923 944 3994 849.

196 4007 313 4078 Regius;
333 4004 403 4075 quod
421 4003 553 4058 tolerabile
572 4011 657 4065 esset,
678 4001 700 4054 ai
779 4002 835 4056 655.
846 4004 904 4070 Ipse
914 4006 960 4061 νίν,
969 4006 1183 4066 acceptationum,
1193 4020 1253 4053 me-

195 4078 700 4153 e'llelegeretur;utcoueciaillumblan·
747 4089 789 4137 tes
799 4087 852 4139 en't.
872 4082 946 4136 Meto
956 4086 1004 4136 erit
1012 4081 1088 4136 multi
1098 4081 1163 4138 editi
1172 4092 1200 4138 et
1210 4099 1255 4134 sex
