2798 4702
405 356 778 426 ‚Maurorum
805 357 1002 426 racem.
1163 356 1226 441 451
1269 338 1273 347 '

160 499 256 572 Parte
275 497 386 570 minus
402 516 520 598 quarta
535 497 712 599 dereptum
730 497 853 571 cortice
867 498 1009 591 gummi,

208 620 253 691 Et
269 616 435 689 modicum
451 644 469 687 e
485 614 628 715 myrrhis
645 614 830 715 pinguibus
848 613 931 687 adde
948 613 1081 688 cubum.

160 733 240 807 Hac
255 732 315 805 ubi
333 730 509 820 eontriris‚
527 760 589 833 per
604 731 705 806 densa
721 731 884 805 foramina
901 759 1021 804 cerne:

209 855 323 929 Pulvis
338 855 380 928 ab
394 853 504 926 infuso
520 853 617 927 melle
634 854 835 956 premendus
851 854 924 928 erit.
1197 890 1231 947 90

161 979 295 1053 Profuit
311 996 345 1053 et
360 978 545 1053 marathros
563 979 649 1053 bene
666 979 835 1055 olentibus
852 978 972 1053 addere
989 978 1150 1079 myrrhis;

211 1102 371 1202 Quinque
387 1102 521 1175 trahant
536 1103 693 1176 marathri
712 1100 888 1204 scrupula:
903 1101 1056 1202 myrrha,
1072 1130 1207 1190 novem;

162 1223 363 1323 Arentisque
378 1252 462 1298 rosae
479 1241 641 1324 quantum
658 1253 776 1299 manus
790 1254 856 1299 una
873 1224 1079 1326 prehendat,

212 1347 364 1447 Cumque
381 1346 601 1420 Ammoniaco
617 1346 762 1422 mascula
779 1365 853 1421 tura
869 1346 946 1421 sale.

162 1468 298 1542 Hordea
317 1497 414 1569 quem
429 1468 556 1543 faciunt
571 1469 639 1544 illis
656 1469 801 1545 adsunde
818 1498 1018 1544 cremorem:
1199 1491 1233 1562 95

211 1593 362 1692 AEquent
380 1619 540 1692 expensas
555 1621 630 1666 cum
647 1591 713 1667 sale
731 1610 806 1667 tura
821 1620 923 1666 rosas.

161 1713 326 1813 Tempore
344 1714 390 1789 sis
406 1743 508 1815 parvo
526 1713 642 1789 molles
660 1714 738 1790 lieet
753 1714 836 1788 illita
850 1713 980 1802 vultus,

197 1939 236 2008 87.
250 1941 381 2008 Direptum
393 1944 485 1992 cortice
494 1944 595 2007 gummi.
605 1939 675 2008 Lege
725 1958 805 2008 raque
820 1938 950 2008 ejusmodi
961 1939 1070 1993 nomina
1087 1939 1115 1991 in
1127 1959 1158 1992 us
1169 1951 1196 1993 et
1207 1941 1235 1995 in

163 2018 302 2083 dereptum,
321 2028 348 2070 et
360 2017 418 2070 vide
432 2035 491 2086 quar
505 2028 595 2070 notata
613 2027 677 2071 sunt
724 2039 766 2072 rm
777 2017 905 2071 declinata
914 2019 1093 2088 reperiantur;
1104 2021 1237 2073 utHr'sso-

164 2095 258 2147 Amor.
276 2097 307 2162 1,
324 2096 397 2165 Eleg.
410 2111 442 2161 v,
459 2095 495 2148 13.
719 2117 783 2165 pus,
793 2100 931 2163 Hr'ssopum
940 2135 948 2161 ,
956 2099 1064 2168 Intybus
1075 2099 1232 2166 ctlnlybum

196 2175 236 2226 88.
251 2175 345 2226 Cibum.
356 2173 432 2226 Alter
444 2173 510 2226 iiber
522 2173 674 2238 Vaticanus,
724 2192 810 2227 crocus
823 2184 850 2227 et
861 2193 973 2237 crocum,
988 2184 1016 2227 et
1028 2174 1053 2226 id
1067 2193 1150 2245 genus
1162 2175 1218 2228 alia.

164 2253 674 2322 etamboMaffeianiperspicuehahent:
758 2273 799 2326 qa.
819 2256 1039 2321 (tumquepmac.
1056 2253 1180 2307 Muretus
1192 2255 1236 2309 le-

163 2334 229 2385 adde
239 2335 346 2386 cubem:
359 2331 457 2400 optime
470 2350 476 2383 :
490 2336 552 2390 κύόος
563 2329 654 2383 Graece
667 2350 674 2392 ;
725 2329 762 2398 git
771 2368 779 2396 ,
789 2331 904 2397 Quthpue
914 2334 1032 2382 trahant:
1040 2329 1110 2400 quod
1122 2333 1237 2385 verbum

169 2410 275 2461 Tessera
292 2408 385 2461 Latine
398 2428 404 2461 ι
417 2412 495 2460 Dado
509 2409 596 2462 ltaiice
608 2448 615 2473 ,
629 2418 675 2460 est.
725 2409 756 2461 ad
773 2409 877 2479 pondus
890 2411 999 2464 mirifice
1013 2413 1236 2468 accommodatur.

164 2487 236 2540 Talis
245 2488 324 2556 igitur
330 2486 380 2542 hoc
392 2487 448 2540 loeo
457 2508 563 2541 sensus:
573 2498 599 2541 et
608 2487 675 2540 adde
725 2485 860 2541 SicGroeci
868 2489 1149 2544 utunturverboitrm.
1158 2488 1237 2544 Cror.

164 2567 299 2620 modicum
309 2568 406 2620 cubum
417 2588 431 2620 e
444 2568 559 2640 myrrhis
571 2567 677 2636 pingui·
724 2571 824 2620 Parare!
832 2569 919 2637 scripti
932 2567 1063 2637 plerique,
1076 2588 1137 2621 cum
1150 2571 1235 2639 prima

163 2646 213 2700 bus
223 2668 230 2700 ε
239 2646 265 2699 id
276 2658 329 2712 est,
340 2658 484 2702 tantumex
493 2647 607 2720 myrrhis
617 2647 675 2715 pin·
725 2645 848 2699 editione.
867 2647 921 2699 Pro
931 2666 1018 2698 novem
1030 2646 1137 2716 quidam
1156 2648 1216 2701 libri
1228 2688 1236 2715 ,

165 2724 417 2794 guibusdetrahe,et
428 2725 676 2795 iis‚quaejamdicta
724 2726 814 2776 decem.
830 2724 908 2777 Cror.

163 2814 242 2869 sunt,
255 2803 337 2869 adde,
348 2816 461 2874 quantus
473 2816 512 2858 est
523 2823 618 2874 parvus
628 2823 676 2856 cu·
757 2806 798 2874 95.
818 2804 961 2856 Creatorem.
976 2805 1077 2856 Creator
1089 2801 1115 2855 id
1128 2804 1235 2857 sortasse

164 2880 542 2950 busuhaddsevenitxuffnirtv,
555 2882 676 2952 quoderat
725 2891 781 2946 est,
795 2880 865 2949 quod
887 2880 1053 2934 Dioscorides
1072 2884 1163 2957 epipam
1181 2881 1234 2933 ad-

166 2961 267 3013 tesseris
279 2960 378 3014 ludere.
391 2961 472 3016 Cror.
725 2959 810 3029 pellat.
832 2958 973 3012 Cornelius
994 2958 1086 3013 Celsus
1106 2979 1237 3012 cremorem

197 3040 238 3111 89,
255 3041 318 3092 Haec
329 3044 499 3096 ube'contrtnk
510 3051 559 3094 etc.
573 3043 675 3094 contri·
717 3043 842 3106 platone,
861 3058 909 3107 pro
920 3057 997 3091 succo
1009 3040 1063 3090 sere
1082 3039 1191 3108 accipit,
1206 3050 1234 3092 ut

166 3122 229 3169 reris
236 3118 566 3190 primaeditioetpierique
573 3118 674 3187 scripti:
723 3115 765 3168 hic
778 3116 855 3168 Naso.
868 3116 947 3167 Man.

164 3201 299 3249 contereris
318 3197 419 3250 Moreti
436 3198 524 3251 codex.
540 3200 676 3250 Contre'erls
755 3193 796 3264 96
807 3194 950 3258 Expensas.
961 3191 1004 3245 Ad
1017 3193 1109 3246 libram
1122 3193 1234 3258 scilicet,

85 3331 87 3335 ¹
165 3292 214 3343 pro
226 3279 377 3328 contraheris.
388 3277 457 3329 Nam
469 3274 606 3328 Charisius
618 3292 675 3326 no·
723 3268 749 3320 id
762 3280 814 3335 est.
836 3271 1000 3339 ponderatas.
1017 3271 1134 3342 Apparet
1146 3281 1235 3324 autem

167 3362 203 3425 tat
216 3371 246 3404 ex
259 3352 387 3422 Apuleio,
405 3356 479 3413 Tem,
494 3358 554 3406 terii
562 3363 589 3405 et
601 3358 674 3405 trivi:
723 3349 773 3401 hoe
784 3369 891 3402 carmen
900 3356 989 3403 κολυέὁν
998 3371 1068 3412 esse,
1081 3370 1109 3403 ac
1121 3369 1169 3403 suo
1181 3349 1234 3402 sine

166 3428 288 3483 dicebant
299 3440 326 3482 et
339 3437 456 3484 coeterni.
470 3432 510 3484 Ut
521 3430 576 3484 haec
588 3431 676 3484 cohee·
722 3447 819 3481 carere.
831 3427 901 3480 Nam
908 3447 1009 3493 versus,
1019 3429 1064 3497 qui
1074 3429 1167 3481 ultimo
1176 3427 1235 3481 loeo

165 3519 242 3561 reant
257 3528 318 3561 cum
336 3510 524 3579 sequentihus,
540 3509 675 3580 castigam-
724 3516 876 3576 ponuntur,
892 3507 972 3558 etiam
985 3506 1047 3560 alios
1059 3506 1187 3575 quosdam
1202 3505 1235 3558 ad

166 3589 231 3641 dum
243 3589 310 3641 sorte
322 3608 328 3641 ε
724 3584 1042 3654 descriptionemcoeptam
1050 3583 1233 3637 absolvendam

166 3678 216 3726 ttis,
226 3678 260 3716 ubi
267 3679 381 3725 contueris,
390 3690 424 3729 per
431 3677 491 3715 dus·
497 3676 593 3716 munta
601 3676 675 3725 emis,
724 3662 854 3731 postulare
868 3660 1001 3713 ridentur.
1014 3662 1119 3712 Mtcrr..

190 3752 258 3791 Pulvis
267 3751 291 3789 nh
299 3751 364 3789 insum
372 3751 606 3802 incrementatur.
757 3760 796 3810 97.
805 3740 900 3790 Mollis.
911 3738 982 3807 Lego
994 3758 1024 3790 ex
1033 3737 1141 3790 vetustis
1150 3756 1236 3790 erem·

166 3826 258 3879 Posset
271 3824 378 3878 defendi
390 3829 520 3883 contnh's,
536 3835 566 3878 ut
581 3828 680 3878 mmm
724 3817 1236 3887 plaribusmulser,utaliquissensuseliei

166 3901 235 3974 apud
248 3903 357 3955 Terent.
370 3901 479 3956 phorm,
491 3902 532 3968 11,
546 3904 618 3969 rm„
725 3897 804 3966 possit
815 3907 855 3950 :et
863 3915 1017 3950 ermanusc.
1025 3895 1156 3948 codicibus
1168 3898 1237 3947 illr'la

200 3979 676 4055 anarathos.Arbitrorlegendunr,
724 3980 835 4039 vellum,
850 3988 880 4029 ut
890 3976 923 4030 sit
932 3976 1104 4050 synecdoche.
1124 3976 1235 4042 Scribe,

167 4061 324 4122 Marathos,
335 4070 363 4111 ut
376 4058 528 4113 soeniculurn
539 4057 675 4127 significet.
730 4058 848 4122 Tempore
858 4061 897 4108 sic
906 4075 985 4122 pareo
997 4057 1087 4107 multer
1096 4058 1160 4107 lehc!
1168 4058 1237 4107 illita

167 4137 260 4208 Neque
273 4149 402 4210 repugnat
414 4156 513 4209 genua,
525 4155 608 4206 quum
619 4136 676 4208 pie·
725 4139 823 4189 vultum
832 4156 839 4188 .·
848 4135 888 4190 vei
897 4175 905 4201 ‚
915 4140 988 4189 lauat.
1000 4135 1106 4191 Deinde
1111 4138 1243 4203 ,Haerebit
