2804 5152
190 842 231 913 72
376 819 415 884 r.
443 817 881 891 ov1o11ulson1s

237 949 376 1039 Vivent,
396 951 476 1026 dum
492 952 648 1027 meretrix
665 952 807 1044 blanda,
825 953 1031 1029 Menandros
1046 955 1118 1029 erit.

186 1067 318 1144 Ennius
335 1087 403 1144 arte
422 1099 553 1158 carens,
572 1071 780 1173 animosique
797 1073 921 1148 Accius
940 1075 1025 1163 oris,

236 1188 400 1262 Casurum
417 1185 513 1261 nullo
531 1203 681 1287 tempore
697 1217 820 1264 nomen
839 1189 976 1265 habent.
1224 1227 1258 1263 20

186 1304 371 1379 Varronem
386 1306 595 1407 primamque
611 1322 717 1380 ratem
735 1333 809 1406 quae
825 1307 951 1381 nesciat
968 1325 1069 1397 aetas,

236 1421 414 1522 Aureaque
432 1421 575 1496 AEsonio
592 1439 683 1518 terga
701 1421 806 1523 petita
823 1422 927 1496 duci?

189 1537 344 1612 Carmina
361 1537 515 1613 sublimis
532 1555 611 1613 tnnc
628 1556 708 1613 sunt
725 1538 874 1640 peritura
888 1537 1040 1626 Lucreti,

236 1654 350 1730 Exitio
370 1671 473 1730 terras
488 1685 594 1758 quum
611 1657 706 1732 dabit
718 1685 786 1731 una
803 1656 883 1730 dies.

187 1885 274 1938 unus,
287 1870 323 1923 ait
331 1865 442 1939 Quint,
458 1889 520 1925 meo
532 1869 639 1940 quidem
651 1870 701 1942 in·
736 1869 935 1926 communium
957 1866 1105 1925 studiorum
1127 1865 1262 1936 aliquanto

188 1949 271 2017 dicio,
288 1949 428 2020 diligenter
443 1951 539 2017 lectus,
557 1949 590 2003 ad
607 1962 701 2006 cuncta
750 1951 916 2019 superiorem
927 1943 1262 2013 seesseconlideret.Qua-

189 2045 250 2097 qiu
260 2027 443 2098 precipimus,
459 2026 610 2096 effingenda
621 2026 701 2081 sosii·
750 2035 859 2099 propter
876 2027 1023 2082 insolentiae
1034 2025 1145 2080 crimine
1159 2023 1262 2079 caruit:

187 2105 258 2160 ciat:
271 2106 307 2159 ita
318 2124 428 2158 ornnem
439 2105 497 2158 vitre
505 2106 648 2175 imaginem
659 2124 701 2158 ex·
751 2107 812 2176 quia
832 2106 867 2159 ibi
888 2107 1076 2172 voluminum,
1094 2123 1149 2158 non
1168 2101 1264 2171 imagi-

189 2184 299 2254 pressit3
316 2192 390 2236 tanta
400 2184 429 2236 in
442 2202 475 2237 eo
486 2181 639 2237 inveniendi
650 2201 702 2236 co·
750 2203 818 2237 num
823 2184 968 2239 certamina
976 2184 1172 2237 exercebantur.
1180 2181 1264 2234 »Ani-

188 2262 247 2332 pia,
263 2270 291 2315 et
310 2259 452 2330 eloquendi
469 2261 593 2325 incultam
611 2263 647 2315 ita
664 2271 703 2316 est
750 2280 847 2315 mosum
858 2281 888 2315 os
903 2271 945 2316 est
959 2262 1121 2324 violentum
1140 2257 1263 2314 vidiuis.

190 2341 314 2395 omnibus
329 2341 425 2407 rebus,
443 2341 579 2410 personis,
597 2342 703 2396 affecti·
752 2337 784 2390 ad
797 2338 840 2391 lib.
851 2354 883 2405 11,
897 2338 970 2409 Eleg.
984 2354 1059 2403 xvir,
1075 2359 1097 2408 7.
1111 2337 1265 2390 Hincatro-

189 2422 239 2475 bus
252 2418 480 2474 accommodatus!
497 2441 510 2465 »τ
752 2436 806 2473 cem
818 2427 893 2471 vocat
905 2417 946 2470 lib.
957 2432 996 2483 11,
1009 2416 1089 2480 Trist.
1101 2417 1159 2488 ³59

228 2496 266 2549 18.
282 2499 395 2551 Blanda.
407 2498 447 2550 lta
459 2497 562 2551 Thaida
574 2497 704 2552 Menand.
786 2518 826 2550 αι.
854 2499 991 2551 Varronem
1005 2501 1161 2563 pateramque
1178 2498 1264 2546 ratem.

192 2574 315 2628 describit
327 2574 460 2628 Plutarch.
473 2576 501 2629 in
514 2575 622 2646 Excerp.
637 2575 706 2647 apud
755 2575 888 2646 Apollonii
905 2573 1004 2628 Rhodii
1021 2574 1196 2640 Argonautica
1212 2571 1267 2624 de-

192 2651 706 2724 StobaeumGrotianis,pag.1b.Bunn.
753 2652 854 2723 signat,
871 2670 930 2720 quse
944 2650 1030 2704 latinis
1046 2648 1163 2702 versibus
1178 2649 1266 2700 Varro

190 2752 192 2756 ⁴
228 2750 266 2803 ¹9·
276 2733 376 2783 Ennius
383 2737 439 2784 ade
447 2750 544 2784 camus.
554 2732 629 2802 stylo
638 2750 706 2802 pene
755 2732 881 2788 Atacinus
905 2738 1089 2794 converterat,
1110 2727 1267 2797 «interpres

191 2809 296 2878 poetico
308 2807 340 2863 de
354 2808 398 2862 illo
413 2819 491 2879 poeta
503 2809 620 2878 loquitur
631 2810 707 2864 toties
754 2813 840 2883 operis
852 2812 929 2866 alieni
941 2829 997 2864 non
1005 2806 1170 2880 spernendus
1178 2829 1192 2855 ν
1200 2847 1208 2876 ,
1217 2808 1266 2877 ju-

191 2890 247 2958 jam
255 2887 331 2941 nobis
338 2887 441 2956 citano,
451 2906 501 2941 nec
508 2889 568 2943 satis
577 2907 705 2957 unquam,
755 2891 812 2945 dice
825 2889 1002 2960 Quintiliano.

193 2963 299 3018 libetor
320 2965 514 3020 celeberrimus.
541 2966 706 3032 «Ennium,
788 2970 828 3024 23.
841 2964 1266 3035 Subtrirn'mlnsublrirutdicipos-

192 3042 297 3113 inquit,
313 3044 380 3097 sicut
395 3063 482 3098 sacros
495 3053 624 3098 vetustate
636 3044 708 3097 lucos
754 3048 787 3102 sit
804 3047 959 3114 Lucretius,
979 3044 1024 3116 qui
1037 3043 1148 3097 minime
1163 3040 1267 3094 sublimi

194 3121 352 3189 adoremus,
365 3124 392 3177 in
402 3124 496 3193 quibus
504 3122 612 3193 grandia
620 3134 647 3177 et
658 3142 708 3176 an-
755 3124 889 3191 carmine,
901 3121 947 3178 sed
955 3120 1073 3194 populari
1079 3121 1134 3173 sere
1143 3136 1267 3172 sermone

194 3200 267 3270 tiqua
285 3201 381 3254 robora
397 3202 453 3270 jam
467 3221 522 3254 non
538 3211 640 3255 tantam
655 3201 708 3254 ha-
756 3202 865 3274 Epicuri
877 3205 940 3257 scita
953 3200 1076 3267 tradidit,
1095 3198 1187 3251 dubito
1199 3212 1206 3247 2
1217 3197 1271 3250 nisi

193 3278 259 3331 bent
280 3278 416 3349 speciem,
449 3290 575 3349 quantam
596 3280 707 3350 religio·
755 3280 787 3335 ad
806 3282 950 3351 materiae
966 3278 1045 3349 vulgo
1057 3286 1167 3330 remote
1181 3274 1267 3329 subli-

194 3375 267 3411 nem.
280 3378 295 3404 s
308 3356 350 3410 De
363 3356 453 3410 Ennio
464 3358 519 3426 jam
531 3358 688 3411 Lucretius:
755 3362 877 3414 mitatem
896 3356 1061 3427 respexerit3
1087 3365 1118 3408 ut
1137 3355 1173 3407 ita
1192 3353 1269 3408 ardui

435 3449 547 3486 ...renus
557 3461 633 3487 mmo
755 3439 819 3510 quid
827 3439 856 3492 in
866 3436 991 3491 Lucretio
1000 3435 1116 3490 Statium
1127 3453 1267 3504 agnoscere

193 3522 272 3563 malit
282 3536 308 3562 ει
317 3521 414 3561 Helicone
426 3523 507 3573 prem
515 3519 683 3562 frondeum
755 3517 857 3569 notarit
867 3513 959 3569 Barth.
971 3511 1004 3566 ad
1015 3512 1060 3566 lib.
1071 3530 1110 3579 ιι,
1132 3512 1195 3566 Silv.
1207 3527 1266 3576 vu,

194 3596 232 3636 ¹³ss
240 3604 306 3647 rw·
314 3596 382 3634 ¹¹¹¹·t·
757 3593 888 3661 76:01121
901 3611 915 3644 a
930 3589 1045 3662 Quintil.
1059 3607 1093 3657 x,
1109 3610 1139 3657 1,
1152 3588 1268 3660 difficili}

194 3668 292 3722 bandis
311 3668 361 3723 boc
379 3688 535 3734 summum
558 3680 597 3724 est
616 3679 707 3723 tamen
755 3671 858 3726 dicitur.
871 3671 970 3724 Bonan

196 3745 322 3816 quiddam
336 3747 407 3817 quod
423 3767 486 3802 eum
503 3747 572 3819 apud
591 3757 708 3818 posteros
788 3753 830 3818 ²4·
845 3753 936 3804 Exiere
949 3756 1029 3803 terras
1040 3768 1113 3818 quum
1127 3750 1203 3800 dabre
1217 3765 1268 3799 una

195 3824 282 3879 multo
294 3826 376 3897 magis
387 3825 559 3879 commendet
570 3845 577 3878 ι
590 3843 708 3896 gemmas
755 3831 819 3882 dies.
831 3830 887 3881 Ima
898 3827 954 3881 dies
966 3827 1097 3898 Scaliger,
1108 3825 1155 3880 sed
1164 3827 1267 3879 snutra.

194 3907 416 3959 estemoreEnm'c'
422 3905 510 3976 legere
518 3903 644 3972 Virgilius
651 3920 707 3956 non
757 3907 805 3961 lita
823 3906 938 3960 Lucretii
955 3905 1067 3976 respexit
1086 3905 1201 3972 Noster,
1224 3902 1267 3956 lib.

195 3982 352 4056 dedignatus
367 3994 414 4038 est
428 4009 463 4024 ·-
475 3984 598 4037 Ambiori
610 3984 709 4036 Accius
756 4002 792 4056 v,
805 3987 858 4060 93:

194 4066 253 4116 on's.
266 4062 318 4116 Vel
329 4071 438 4132 propter
445 4059 632 4115 sublimitatem
643 4079 708 4114 ear-
755 4081 856 4132 Principio
864 4079 953 4120 mrim
962 4087 1025 4119 sm..
1035 4079 1144 4130 eamque
1151 4083 1207 4114 sun

194 4140 289 4208 minis,
300 4140 342 4194 vel
354 4148 463 4211 propter
470 4137 595 4192 fiduciam
606 4137 661 4206 sui,
674 4136 708 4192 de
757 4155 837 4195 nom
854 4163 944 4194 mrum
963 4153 1077 4206 triplicem,
1093 4150 1131 4189 ert·
1147 4160 1240 4201 serpen,

195 4236 247 4288 qua
259 4219 295 4272 sic
308 4219 366 4272 Val.
383 4219 454 4273 Max.
469 4233 523 4286 111,
543 4237 565 4272 c.
584 4233 642 4285 vlt,
658 4235 708 4271 rr:
817 4228 914 4277 simui,

196 4317 210 4342 α
222 4296 249 4349 Is
261 4296 331 4350 Sext.
344 4296 418 4350 ,lulio
436 4296 536 4351 Casan
548 4297 708 4368 amplissimo
757 4303 888 4354 ’Μαρκίας
898 4310 939 4340 tm
948 4299 1066 4347 dissimiles,
1075 4297 1114 4336 tria
1122 4294 1241 4339 telistexta,

196 4382 224 4426 et
243 4371 429 4429 florentissimo
448 4375 507 4428 viro
524 4375 553 4428 in
569 4375 709 4447 collegium
759 4375 1006 4416 numantinum

195 4461 337 4521 poetarum
351 4454 469 4508 venienti
478 4473 617 4524 nunquam
627 4472 709 4508 asur·
758 4449 850 4520 ldem,
864 4449 960 4505 eodem
976 4446 1059 4514 libro,
1074 4464 1141 4500 vers.
1154 4458 1221 4518 997:

194 4530 261 4585 rexit
273 4548 280 4584 :
291 4549 347 4584 non
366 4532 510 4600 majestatis
526 4534 584 4602 ejus
606 4533 709 4585 imme·
757 4536 1094 4588 armannus-amussim
1102 4535 1165 4576 mitti·
1175 4535 1235 4573 omn

192 4627 274 4680 mor,
296 4609 346 4670 ssd
362 4608 435 4679 quod
457 4610 487 4667 in
508 4611 708 4680 comparatione
757 4611 995 4654 nuunansmtuo.
1149 4609 1228 4649 *¹⁸¹⁸*-
