2798 4702
199 487 454 576 PUBLII
503 488 747 574 OVIDII
793 488 1111 580 NASONIS

434 703 892 840 AMORUM

302 967 530 1085 LIBER
573 978 1006 1091 sucuuoua

562 1171 754 1199 -οοοι-

411 1353 653 1441 ELEGIA
687 1356 905 1444 PRIMA.

140 1645 214 1697 ouon
231 1645 287 1684 ruo
304 1642 556 1698 ammoniacum,
576 1643 658 1698 ouon
677 1644 891 1698 mcuoavmr,
915 1643 1029 1690 auom
1045 1647 1170 1690 senuaar.

124 1773 237 1876 Hoc
256 1826 390 1900 quoque
410 1798 603 1901 composui,
622 1798 772 1895 Pelignis
789 1817 888 1874 natus
905 1801 1060 1901 aquosis,

174 1915 235 1989 llle
251 1945 313 2013 ego
333 1915 489 2017 nequitia
505 1918 596 1991 Naso
611 1933 712 2017 poeta
728 1943 819 1989 meae.

126 2033 586 2135 Hocquoquejussitllmor:
602 2030 721 2135 procul
733 2031 829 2121 hinc,
843 2032 964 2135 procul
976 2051 1044 2109 este
1058 2061 1195 2109 severa:

172 2153 250 2224 Nou
266 2151 347 2224 estis
365 2151 486 2226 teneris
503 2169 582 2253 apta
599 2150 727 2225 theatra
743 2149 863 2224 modis.

123 2267 180 2340 Me
197 2264 286 2363 legat
303 2267 340 2341 in
356 2270 473 2369 sponsi
489 2269 571 2342 lacie
586 2296 657 2342 uon
673 2267 796 2364 frigida
811 2267 932 2363 virgo,
1181 2287 1196 2339 5

105 2410 109 2420 ·
169 2386 215 2457 Et
231 2383 324 2458 rudis
343 2384 464 2479 ignoto
483 2402 590 2460 tactus
607 2413 719 2460 amore
731 2413 824 2486 puer.

157 2574 176 2607 ι.
194 2558 253 2609 Hoc
264 2576 367 2626 quoque.
386 2557 542 2612 Secundum
560 2558 633 2615 huuc
681 2557 809 2614 lectorem
821 2556 923 2611 inducit
934 2563 1013 2626 poeta
1021 2561 1197 2623 querentem,

120 2633 241 2687 Amorum
253 2635 352 2688 librum
367 2639 474 2708 proprio
489 2639 564 2709 signo
575 2658 632 2691 no·
890 2644 1039 2697 Qumiaaioe
1045 2645 1116 2684 doctu

122 2710 234 2763 tandum
250 2724 343 2778 curat,
361 2733 396 2766 ne
417 2716 473 2783 quis
490 2715 565 2769 illum
584 2716 632 2770 sibi
705 2722 885 2774 composuimus
894 2717 1075 2772 tropaeum?

121 2787 246 2859 deinceps
252 2802 399 2862 arrogaret,
413 2793 632 2861 quodnoniuau-
714 2796 738 2850 3.
754 2795 1006 2866 Hocquopuejussit
1016 2794 1103 2847 Amor.
1115 2792 1197 2848 Adtu-

122 2865 211 2919 ditum
223 2908 231 2935 ‚
253 2889 305 2938 quo
324 2881 441 2941 tempore
453 2892 493 2927 aaa
509 2873 632 2927 nondum
681 2872 747 2927 dens
758 2872 790 2928 ad
803 2894 834 2929 ea
846 2893 905 2945 quae
919 2874 1004 2927 Λιιιοι
1015 2873 1081 2945 ipsi,
1103 2872 1147 2927 lib.
1164 2889 1193 2938 1,

122 2945 264 3014 existeret,
286 2968 344 3018 que
356 2950 495 3004 innumera
511 2951 632 3020 ejusdem
680 2951 755 3024 Eleg.
768 2970 795 3020 1,
807 2955 858 3021 24,
870 2952 1017 3014 dictitarat:

123 3024 210 3093 operis
223 3028 378 3096 exemplaria
389 3029 467 3082 simul
478 3028 586 3097 ederet,
606 3040 634 3084 et
705 3036 804 3088 Quodqm
812 3048 883 3084 emo,
892 3044 946 3074 “m
955 3063 961 3083 t
970 3036 1049 3087 accipe,
1061 3033 1113 3073 dixit
1122 3061 1129 3081 t
1138 3044 1197 3084 ⁰1³⁸·-

121 3101 150 3154 in
162 3116 318 3174 perpetuum
327 3119 413 3176 posset
421 3128 556 3162 renovare
566 3108 633 3162 lude
682 3102 975 3162 -Pmcatesresmrk,
982 3107 1025 3161 De
1033 3106 1125 3177 puellis
1132 3105 1201 3175 agit:

121 3199 181 3235 mos
190 3183 238 3235 suit
251 3185 365 3253 antiquio
376 3186 561 3255 scriptoribus,
575 3196 633 3240 tum
682 3186 774 3239 malim
787 3187 866 3238 etiam
876 3225 884 3252 ‚
892 3188 1041 3254 proculite,
1055 3181 1127 3253 quod
1135 3188 1200 3238 estis

123 3259 238 3326 Graccis,
251 3273 307 3315 tum
315 3263 434 3328 Latinis,
447 3264 516 3317 utin
529 3265 633 3334 ipsaru-
682 3275 807 3332 sequatur
815 3263 1027 3332 venuproxirno.
1038 3263 1138 3317 Hans.
1149 3264 1197 3316 de·

122 3338 216 3407 jusque
229 3343 314 3411 operis
330 3343 418 3395 fronte
436 3353 527 3396 uotam
540 3344 634 3414 preli·
683 3363 744 3396 rem
754 3342 835 3394 etiam
843 3341 964 3394 Francos.
976 3339 1063 3393 habet.

123 3428 231 3486 gerent,
244 3438 302 3489 que
314 3421 451 3490 proprium
463 3421 523 3490 ipsis
541 3422 634 3474 vindi·
706 3424 730 3488 4,
738 3423 1032 3485 Nonestr'stenen'sapta
1040 3419 1198 3470 theutram-

122 3507 201 3549 caret.
212 3524 246 3537 -
256 3501 371 3566 Perpau
383 3505 467 3553 natus.
482 3499 565 3552 Medii
576 3501 634 3554 Pe·
683 3502 731 3552 dr‘s.
742 3496 924 3570 llletonymice
939 3498 1052 3557 theatra,
1063 3513 1112 3564 pro
1123 3514 1199 3565 spec·

121 3573 187 3644 ligni
206 3576 308 3631 Marsos
325 3578 397 3631 iuter
414 3588 441 3631 et
458 3578 633 3644 Marrucinum
684 3579 811 3631 tatoribus
826 3577 886 3647 ipsis
898 3574 991 3645 posuit.
1011 3573 1108 3626 Monet
1119 3572 1201 3643 igitur

123 3671 139 3705 a
154 3653 317 3709 Samnitibus
329 3655 438 3727 quidem
451 3655 571 3724 oriundi,
587 3656 634 3712 sed
683 3657 781 3726 puellas
790 3676 840 3722 ue,
854 3673 920 3725 quos
928 3651 1067 3717 describit,
1080 3649 1148 3705 ludis
1160 3671 1197 3706 aa·

123 3733 223 3804 origine
234 3775 241 3802 ,
254 3746 285 3789 ut
301 3737 443 3807 putabant,
457 3737 568 3809 Illyrica.
682 3732 1065 3802 rideantspectatrices,utpote
1074 3729 1120 3799 qui
1128 3729 1199 3782 mol-

156 3833 179 3864 a.
196 3817 244 3867 Ille
261 3835 308 3883 ego
328 3821 445 3884 neqm'tiae
466 3818 538 3869 Naso
556 3822 635 3883 poeta
682 3810 761 3864 liores
773 3820 799 3862 et
813 3808 959 3863 lasciviores
972 3826 978 3860 ι
990 3806 1147 3876 simplicius,
1158 3826 1194 3862 ue

123 3909 190 3944 m.
207 3893 288 3946 Forte
306 3900 369 3952 tae.
390 3894 476 3964 inquit
492 3894 634 3963 Heinsius,
685 3906 775 3940 Vefflss
788 3887 875 3955 '²8²¹ss
887 3885 1035 3939 ²¹1¹²l⁰¹⁹i⁰2

124 3979 155 4020 ut
168 3969 293 4024 lectorem
307 3971 470 4040 adloquatur.
483 3972 567 4042 Quod
578 3992 635 4026 ιιοιι
717 3974 739 4022 5.
756 3972 788 4023 In
803 3967 981 4037 sponsisacie.
1000 3971 1122 4036 Faciem,
1143 3969 1198 4023 duo

123 4045 160 4098 ita
177 4058 278 4102 temere
299 4050 451 4118 conjectum
469 4052 635 4120 putaverim:
684 4049 804 4115 Moreti,
821 4058 851 4101 ut
869 4046 970 4102 dictum
991 4049 1041 4114 sit,
1061 4048 1196 4119 quomodo

126 4141 190 4178 nam
204 4127 284 4197 paulo
301 4136 377 4198 port,
397 4148 415 4202 9
432 4139 459 4184 et
478 4148 526 4198 ιο,
548 4130 635 4200 ipsum
684 4127 753 4199 apud
766 4128 875 4183 Terent.
889 4124 1001 4197 Adelph.
1014 4143 1037 4182 11
1046 4166 1054 4196 ,
1073 4127 1115 4183 Sc.
1128 4127 1159 4194 6,
1173 4130 1196 4180 5.
