2798 4702
434 398 678 464 nnunnra
708 382 921 466 Amores.
1152 404 1216 494 ³9⁵

159 541 202 611 Et
218 537 318 610 modo
337 534 533 622 blanditias,
548 535 658 630 rigido
673 535 774 608 modo
790 520 898 634 jurgia
915 540 1005 637 posti
1186 565 1218 616 35

208 652 324 735 Dicat,
342 668 375 724 et
393 650 544 723 exclusus
562 649 670 722 ssebile
689 667 799 723 cantet
816 678 938 723 amans.

161 766 224 839 llis
243 765 381 838 lacrimis
398 783 573 838 contentus
589 768 672 851 eris,
689 767 760 840 sinc
778 767 913 839 crimine
932 767 1059 841 mortis.

208 884 285 955 Non
304 898 360 954 tua
374 881 429 954 sax
445 881 558 955 avidos
576 880 676 977 digna
694 882 807 956 subire
822 909 933 976 rogos.

161 998 239 1070 ltaee
258 1026 329 1092 ego.
359 998 468 1070 Movit
486 1000 591 1072 Amor
610 1016 788 1094 gemmatas
805 1026 923 1072 aureus
939 997 1026 1087 alas3

207 1114 252 1184 Et
268 1112 351 1185 mihi
362 1142 373 1185 x:
390 1114 605 1214 Propositum
621 1114 759 1216 perfice,
778 1115 880 1202 dixit,
899 1141 995 1214 opus.

159 1227 213 1300 Ad
229 1256 317 1315 mea,
333 1228 461 1330 decepti
476 1233 640 1318 Juvenes,
655 1250 820 1333 praecepta
837 1232 944 1306 venite
958 1261 966 1321 ;

210 1344 307 1439 Quos
324 1372 404 1419 suus
420 1373 458 1418 ex
475 1348 566 1419 omui
582 1365 675 1448 parte
694 1346 812 1421 selellit
828 1352 929 1421 amor.

162 1460 287 1534 Discite
303 1462 426 1548 sanari,
442 1491 503 1563 per
520 1490 618 1562 quem
635 1462 797 1536 didicistis
813 1492 942 1538 amare:

156 1658 159 1663 y
211 1579 286 1650 Una
302 1604 419 1650 mauus
435 1577 532 1651 robis
547 1577 668 1651 vulnus
686 1606 848 1680 opemque
865 1580 956 1654 feret.

162 1697 264 1768 Terra
282 1693 439 1769 salutares
452 1694 591 1781 herbas,
609 1694 786 1795 eademque
803 1713 981 1784 nocentes,

214 1813 345 1900 Nutrit,
362 1830 396 1887 et
411 1813 523 1886 urticae
540 1813 691 1913 proxima
708 1840 793 1913 saepe
808 1841 886 1887 rosa
903 1830 963 1888 est.

164 1925 297 2000 Vulnus
315 1926 349 1998 in
365 1920 528 2002 Herculeo
548 1956 620 2029 quae
638 1928 807 2029 quondam
824 1928 945 2001 fecerat
960 1927 1077 2013 hoste,

214 2039 369 2114 Vulneris
386 2040 544 2114 auxilium
560 2041 668 2115 Pelias
684 2042 780 2114 hasta
796 2041 883 2113 tulit.

166 2155 231 2228 Sed
249 2184 460 2256 quacumque
477 2157 576 2242 viris,
595 2156 692 2228 vobis
711 2182 843 2254 quoque
861 2153 966 2240 dicta,
983 2151 1116 2253 puella,

214 2272 366 2345 Credite:
383 2271 519 2344 diversis
536 2269 689 2369 partibus
705 2298 794 2345 arma
810 2270 935 2344 damus.

165 2391 193 2461 E
211 2389 333 2489 quibus
350 2388 392 2460 ad
408 2404 535 2459 vestros
552 2386 581 2459 si
599 2385 682 2486 quid
697 2414 766 2460 non
782 2386 928 2488 pertinet
947 2413 1047 2470 usus,

212 2504 366 2575 Attamen
382 2498 531 2601 exemplo
551 2500 656 2575 multa
672 2503 788 2578 docere
803 2521 925 2604 potest.

167 2616 255 2689 Utile
272 2619 501 2717 propositum,
516 2646 615 2691 saras
632 2619 822 2714 extinguere
838 2617 1003 2703 llammas;

213 2734 281 2805 Nec
299 2759 425 2807 servum
442 2734 514 2807 vitii
531 2751 648 2835 pectus
664 2735 785 2809 habere
805 2733 867 2807 sui.

165 2846 312 2920 Vixisset
327 2847 472 2949 Phyllis,
487 2850 516 2924 si
531 2879 582 2924 me
600 2850 687 2925 soret
703 2879 763 2925 usa
779 2849 938 2945 magistro
952 2877 960 2935 ;
1192 2862 1224 2914 ⁵5

168 3069 230 3102 nem
245 3070 251 3103 :
265 3051 359 3119 opinor
378 3061 466 3104 tamen
483 3053 649 3108 scribendum
663 3093 671 3121 ,
720 3054 768 3107 bns
780 3053 820 3124 agi
831 3053 934 3106 docent.
953 3054 1121 3118 &plessero
1131 3054 1158 3100 et
1170 3062 1227 3099 cau-

168 3133 301 3199 quamlibrt
311 3138 378 3198 apta.
393 3131 424 3184 ln
438 3132 594 3193 Amoribus,
615 3136 673 3186 dur'c
720 3139 761 3184 tus
773 3131 866 3202 passim
878 3138 1082 3183 commutantur.

167 3211 673 3279 operr‘quanrlr'bet,aptusemm.Sicapta
753 3209 885 3260 36.Dr'ca!.
893 3205 1008 3270 Rectius,
1016 3211 1107 3265 nectat,
1117 3202 1226 3257 siMSS.

169 3288 244 3336 verda
248 3286 317 3351 joco,
329 3284 410 3355 Epist.
419 3285 538 3355 Sapphus
550 3299 597 3341 etc.
610 3289 674 3340 Arte
721 3283 879 3337 addicerent.
903 3283 995 3335 Caute!
1012 3297 1108 3334 anans.
1134 3282 1230 3332 notate

168 3380 217 3431 pro
226 3370 288 3430 apta
294 3382 430 3433 perperam
442 3364 519 3417 etiam
529 3364 587 3417 alibi
596 3363 673 3434 scrip·
720 3380 819 3416 carmen
830 3378 934 3421 amans,
950 3358 1061 3424 Moreti;
1075 3368 1104 3410 ut
1116 3356 1232 3410 addicat

170 3450 227 3492 tuan
243 3440 367 3493 offendas.
391 3442 482 3494 Potest
499 3451 526 3494 et
541 3445 675 3510 quamlibet
721 3438 857 3491 reseratur.

168 3519 448 3588 cumcautoeonjungi.
459 3519 676 3572 Herus—Beni
754 3516 794 3581 45.
810 3515 886 3567 Terra
903 3517 1028 3567 salutares
1040 3520 1089 3564 etc.
1108 3511 1162 3565 Pro
1175 3530 1229 3564 no-

169 3603 243 3663 capto
250 3597 340 3666 viginti
349 3596 449 3650 codices
456 3614 517 3648 cum
526 3597 609 3665 prima
617 3596 674 3649 edi·
721 3600 804 3646 centes
813 3611 880 3644 unus
889 3592 1053 3654 Puteaneus,
1064 3593 1172 3643 miras.
1184 3586 1228 3642 sic

170 3676 241 3728 tione
257 3689 263 3722 2
282 3675 420 3744 eleganter.
438 3672 506 3725 Vide
523 3675 569 3725 int
589 3675 634 3726 108
647 3682 674 3725 et
721 3665 1236 3735 noctiumperr'culumdixitPhaedruslib.'

170 3751 203 3804 ad
217 3753 296 3821 Epist.
310 3768 345 3804 xv
356 3792 363 3817 ,
376 3753 408 3804 63
418 3774 425 3816 3
437 3751 458 3805 si
472 3750 543 3805 enim
556 3757 630 3803 caulo
640 3750 674 3803 le·
722 3748 752 3813 l,
766 3748 828 3801 Fah.
841 3763 915 3800 xxxx.
928 3748 1024 3801 Noster
1036 3746 1114 3800 Trist.
1128 3746 1172 3799 lib.
1183 3747 1230 3811 V,

171 3841 246 3898 gatur
256 3872 263 3897 ,
272 3830 304 3882 de
312 3829 420 3895 marito,
429 3847 508 3898 quem
517 3827 605 3881 fallant
614 3846 673 3880 uxo·
723 3828 795 3897 Eleg.
808 3845 841 3892 x,
857 3846 886 3879 aa
897 3843 903 3876 ε
916 3832 968 3880 tela
978 3830 1081 3888 nuclea,
1100 3837 1129 3878 ut
1139 3825 1167 3877 iu
1181 3844 1229 3878 re-

170 3927 229 3973 res,
242 3907 458 3976 intelligendum:
471 3905 630 3974 ategomalo
640 3905 674 3959 de
722 3905 771 3958 teri
784 3905 871 3958 codiee
884 3905 992 3974 legitur,
1009 3924 1063 3958 uon
1075 3909 1160 3957 notro.
1173 3904 1209 3958 Η.

171 3985 262 4052 puellis
273 4026 280 4051 ,
290 4003 347 4054 quae
359 3995 446 4054 captos
455 3985 540 4049 viros,
553 3993 580 4036 et
591 3984 673 4036 amori
754 3988 794 4055 47.
811 3988 907 4038 Vulnus
917 3991 943 4038 eir
956 3986 1141 4054 Herculeoque
1151 4002 1229 4053 qaor-

171 4060 284 4116 irretitos
293 4063 366 4115 omni
376 4074 430 4115 arte
439 4062 582 4131 decipiant,
596 4061 673 4114 inter·
721 4065 779 4115 dam
793 4064 894 4129 fecerat
910 4065 982 4115 hosti.
1004 4060 1135 4132 Telephus
1153 4061 1226 4114 euim

172 4139 281 4204 pretori,
295 4159 357 4193 nam
368 4140 503 4208 sequentia
515 4138 547 4192 de
561 4138 674 4192 amanti-
722 4140 857 4208 Herculis,
870 4160 901 4195 ex
914 4141 989 4211 Auge
1002 4139 1077 4195 lilius.
