2798 4702
164 343 229 385 212

446 317 485 382 P.
514 316 696 384 OVlDll
725 313 949 387 Nesouls

159 458 293 534 Scilicet
309 476 343 531 et
360 456 488 558 populo
507 485 568 558 per
584 486 636 531 me
653 458 809 534 comitata
827 459 1006 561 placebas:

214 579 320 652 Causa
340 576 405 649 suit
422 573 537 653 multis
554 592 669 649 noster
686 577 808 650 amoris
824 607 928 652 amor.
994 656 998 673 ,

160 693 288 795 Turpia
304 690 387 792 quid
402 689 541 765 referam
559 720 650 766 rann
665 690 835 766 mendacia
852 691 990 788 lingua,

211 813 256 884 Et
270 809 457 911 periuratos
473 808 508 880 in
525 836 598 882 mea
614 806 734 882 damna
752 789 869 883 Deos?

162 926 257 1026 Quid
273 927 429 1025 juvenum
448 924 567 1016 tacitos
585 924 674 997 inter
691 923 842 998 convivia
859 941 983 1014 nutus,

211 1043 389 1142 Verbaque
410 1040 605 1142 compositis
623 1037 829 1114 dissimulata
846 1041 962 1115 notis?

162 1160 260 1233 Dicta
276 1175 346 1232 erut
362 1184 446 1251 aegra
463 1155 546 1228 mihi
562 1186 569 1228 :
586 1183 734 1257 praeceps
748 1184 928 1257 amensque
946 1158 1086 1232 cucurri.
1206 1183 1239 1234 st·

210 1277 318 1364 Veni3
334 1292 367 1348 et
383 1272 476 1347 rivali
494 1301 564 1347 nou
578 1291 648 1348 erat
664 1301 749 1369 aegra
766 1301 851 1347 meu.

165 1395 245 1480 His,
260 1409 294 1466 et
312 1418 384 1491 quae
403 1407 512 1476 taceo,
530 1389 645 1463 duravi
662 1417 749 1489 saepe
766 1388 922 1463 serendis.

211 1511 333 1608 Quaere
351 1504 451 1578 alium
469 1533 531 1605 pro
549 1532 617 1590 me,
638 1503 697 1603 qui
715 1520 816 1603 queat
829 1503 892 1577 ista
910 1503 989 1603 pati.

161 1629 238 1702 Jam
255 1652 343 1711 mea,
358 1621 466 1693 votiva
481 1619 607 1721 puppis
625 1617 777 1693 redimita
795 1646 940 1705 corona,

211 1744 317 1816 Lenta
334 1754 554 1810 tumescentes
569 1735 713 1835 aequoris
730 1733 824 1807 audit
842 1761 954 1834 aquas.

165 1856 289 1931 Desine
305 1852 503 1941 blanditias,
523 1869 557 1926 et
573 1852 674 1926 verba
692 1850 844 1953 potentia
861 1849 1050 1951 quondam,

211 1971 352 2046 Perdere
368 2000 375 2043 :
391 1997 461 2043 non
477 1998 540 2066 ego
556 1998 631 2043 sum
649 1966 790 2058 stultus,
803 1985 844 2040 ut
858 1985 933 2041 ante
949 1965 1009 2039 fui.

163 2099 367 2180 Luctantur,
383 2111 566 2194 pectusque
581 2093 650 2168 leve
667 2093 703 2165 in
721 2090 887 2165 contraria
904 2088 1064 2176 tendunt,

213 2221 285 2292 Hac
303 2245 411 2304 amor,
426 2216 489 2290 hac
507 2215 623 2289 odium
638 2245 645 2289 ε
660 2215 737 2304 sed,
751 2233 855 2316 puto,
871 2212 972 2286 vincit
986 2239 1087 2284 amor.

165 2443 272 2503 tienter,
295 2435 407 2490 Puteau.
422 2452 483 2487 cum
498 2433 600 2486 duobus
616 2433 678 2488 aliis,

200 2534 238 2588 iq
249 2516 354 2585 Scr'lrfce!
360 2520 386 2564 et
393 2514 487 2579 populo
493 2530 541 2577 per
550 2531 589 2564 me
600 2517 680 2565 comi-

168 2601 226 2647 lala
229 2590 360 2659 placebas.
369 2592 544 2655 Comr'lalaper
549 2609 588 2642 mc
595 2600 679 2660 potest

170 2668 279 2740 quidem
289 2667 394 2721 tolerari
405 2707 412 2733 ,
426 2677 456 2719 ut
467 2666 550 2736 Epist.
561 2683 613 2733 111,
629 2687 678 2740 ²9²

165 2752 216 2801 Per
225 2766 288 2817 quas
299 2751 420 2799 comitata
431 2749 534 2798 redirem
544 2763 552 2810 ;
567 2745 613 2798 sed
624 2745 679 2811 jam

168 2822 327 2896 precedenti
340 2819 452 2875 disticho
466 2819 499 2873 de
515 2819 567 2874 hoc
582 2831 680 2889 egerat,

170 2905 290 2961 Francos.
298 2914 325 2957 et
336 2901 463 2968 palatin,
475 2908 594 2962 cantata,
607 2899 679 2969 quod

168 2984 250 3055 magis
259 2982 349 3053 placet.
357 2979 391 3033 Et
400 2980 525 3049 frequens
533 2977 603 3048 apud
610 2979 680 3031 Nos-

168 3076 248 3119 trum.
262 3063 361 3115 Buutt.
377 3087 411 3099 -
422 3062 520 3128 Populo
526 3078 575 3125 per
584 3077 679 3111 me.......

163 3145 295 3211 placebas.
307 3138 416 3208 Quippe
430 3137 475 3208 qui
490 3136 560 3190 laudi
571 3136 617 3190 tibi
627 3136 680 3188 du-

168 3228 259 3285 ceret,
281 3219 312 3270 ab
326 3215 425 3271 ovidio
441 3215 541 3282 amari,
563 3225 590 3267 et
603 3213 634 3267 ab
647 3233 679 3268 eo

169 3317 337 3369 quocumque
348 3298 398 3349 ires
409 3336 416 3361 ‚
430 3294 529 3349 assidue
539 3299 663 3348 comitari.

201 3397 240 3446 ²7·
252 3379 315 3437 His,
326 3382 352 3427 e!
361 3393 415 3443 que
422 3380 509 3433 laceo,
522 3376 680 3438 durarr'sepe

162 3454 284 3521 serendis.
295 3453 358 3518 Pro,
369 3449 482 3504 obdurui
493 3460 548 3504 :est
555 3449 628 3502 euim
637 3449 680 3503 hic

166 3532 315 3586 absolutum
322 3535 453 3593 durarem
461 3528 577 3599 positum
587 3528 677 3596 modo,

169 3632 222 3682 quo
235 3612 304 3684 apud
315 3613 388 3682 Virg.
402 3610 509 3664 AEneid.
522 3628 550 3677 1,
564 3629 628 3680 ²⁰7²

169 3701 257 3749 nme,
264 3710 284 3739 et
292 3707 367 3739 vosmet
376 3699 433 3738 rebus
442 3707 517 3738 servate
527 3698 624 3737 mundi».
633 3699 665 3741 Μ.

202 3775 294 3845 aq·3u
305 3776 367 3827 Jam
376 3793 433 3826 mea
441 3778 526 3825 ooliba
536 3783 583 3827 etc.
595 3771 680 3827 Occu-

167 3861 212 3920 pat
224 3862 330 3919 portum
341 3852 448 3905 tandem
461 3870 520 3904 mea
533 3852 619 3918 navis,
632 3869 679 3906 co·

166 3948 234 3982 rona
243 3931 380 3997 redimita,
393 3949 473 4000 quam
484 3931 511 3984 in
521 3951 595 4001 spem
604 3950 679 4001 pros·

165 4006 223 4076 peri
236 4005 351 4072 itineris,
371 4009 411 4061 vel
424 4008 543 4076 reditus,
556 4029 678 4063 voveram.

167 4083 305 4141 Coronam
315 4087 410 4156 quippe
420 4089 480 4149 nari
488 4088 660 4158 imponebant
670 4129 677 4154 ,

728 2432 773 2502 qui
782 2431 890 2501 longum
901 2450 949 2500 per
958 2447 1031 2483 mane
1040 2430 1091 2483 iter
1097 2441 1172 2484 eram
1181 2450 1240 2486 sus-

728 2511 845 2581 cepturi,
856 2522 885 2563 ut
895 2529 1018 2579 prospere
1030 2528 1083 2578 quo
1095 2509 1240 2565 tendebant

727 2590 898 2661 pervenirent
908 2609 914 2650 ;
928 2601 955 2643 et
966 2599 1026 2642 vota
1037 2607 1141 2658 quoque
1153 2609 1239 2642 vove-

728 2671 808 2736 bant,
822 2670 848 2722 in
866 2669 977 2739 patriam
992 2667 1054 2721 iude
1073 2668 1192 2722 redituri.
1206 2697 1239 2713 ·-

729 2752 817 2803 bula.
835 2749 942 2804 Rectius
957 2767 1037 2814 sane,
1062 2769 1141 2818 quam
1158 2754 1236 2811 leta,

729 2830 800 2899 quod
811 2829 956 2899 perieuium
968 2829 1078 2883 evaserit
1091 2849 1096 2882 :
1111 2833 1180 2881 lenta
1191 2850 1239 2883 au-

729 2916 798 2972 tem,
813 2915 842 2957 ut
856 2904 980 2969 immota,
995 2905 1091 2957 scilicet
1103 2915 1130 2957 et
1144 2905 1238 2958 incon-

728 3001 801 3034 cussa
812 2985 886 3033 audi!
898 2979 982 3034 undas
993 2991 1140 3051 turgescere
1151 3021 1159 3049 ,
1178 2982 1238 3051 quia

729 3060 794 3113 nihil
805 3062 859 3130 jam
868 3061 930 3114 inde
941 3061 1049 3131 periculi
1057 3063 1103 3132 ipsi
1114 3073 1238 3117 metuen-

729 3139 800 3194 dum.
816 3142 874 3193 Hac
887 3161 991 3211 quoque
1013 3144 1166 3213 metaphora
1178 3164 1239 3198 usus

729 3223 823 3275 Horat.
835 3239 860 3287 1,
873 3222 927 3276 Od.
939 3227 970 3289 5,
986 3223 1018 3275 ad
1033 3225 1177 3296 Pyrrham,
1191 3246 1238 3280 eu-

728 3299 770 3368 jus
779 3319 810 3352 ex
819 3299 963 3366 illecebris,
976 3310 1101 3370 tanquam
1110 3323 1124 3356 e
1132 3305 1239 3357 naufra-

729 3379 787 3449 gio,
800 3390 951 3433 enataverat
965 3400 972 3432 ε

951 3477 987 3516 Μο
995 3477 1062 3516 tabule
1069 3491 1122 3520 mer

802 3548 873 3589 Votira
881 3551 945 3600 paries
953 3551 1026 3590 indicat
1038 3553 1097 3593 uvida

824 3623 953 3673 Srrawndim
961 3625 1035 3675 potenti

825 3696 949 3735 Vestimenta
956 3699 1016 3735 mets
1024 3698 1074 3738 Duo.

752 3773 1239 3842 33-34.luc!anlur.pectusqueleveete.

728 3851 788 3902 Hac
797 3870 879 3913 aanor,
893 3854 942 3905 hac
953 3857 1044 3905 odium.
1056 3851 1116 3904 Non
1127 3851 1163 3903 sic
1173 3850 1237 3903 Pro-

728 3930 838 4000 pertius,
852 3950 907 3985 nou
920 3930 1050 3996 Catullus,
1062 3949 1166 3998 quum
1176 3930 1239 3983 Les-

726 4010 770 4063 bia
780 4031 827 4065 sua
839 4013 880 4065 vel
893 4011 1009 4082 Cynthia
1025 4009 1130 4078 decepti
1143 4031 1238 4080 geme-

727 4102 805 4160 rent,
820 4093 1086 4161 autiudignarentur;
1101 4111 1193 4146 nonea
1203 4094 1237 4145 de·
