2798 4702
229 313 288 355 rra
495 289 534 353 P.
563 289 747 358 OVIDII
777 290 1027 365 NASONIS'

222 425 388 501 Hostibus
404 425 533 499 eveniat
549 425 655 501 viduo·
669 427 813 505 dormire
828 431 947 520 cubili,

270 543 316 614 Et
331 539 441 613 medio
460 538 531 613 laxe
545 568 669 640 ponere
684 546 833 620 membra
849 549 946 621 toro!

220 658 268 731 At
284 655 367 730 mihi
385 684 489 730 sevus
506 684 600 731 amor
614 687 749 736 somnos
766 662 942 766 abrumpat
957 663 1098 753 incrtes;
1118 671 1121 681 '

269 772 406 874 Simque
421 772 486 846 mei
503 771 579 847 lecti
593 803 663 848 non
680 804 743 871 ego
761 776 854 851 solus
872 806 967 852 onus.

225 888 283 961 Mc
298 915 371 961 mea
386 886 569 988 disperdat,
588 889 683 963 nullo
697 892 914 992 prohibente,
931 890 1056 992 puella,

268 1004 306 1078 Si
321 1003 400 1078 satis
416 991 483 1076 una
498 1023 630 1106 potest;
648 1006 676 1081 si
693 1008 804 1082 minus
820 1037 904 1095 una,
924 1007 1018 1081 duae:
1032 1032 1039 1046 ·

219 1119 393 1195 Sufficiant
410 1120 562 1217 graciles,
580 1122 638 1196 sed
655 1151 725 1195 non
744 1123 814 1197 sine
830 1123 975 1211 viribus,
992 1140 1083 1197 artus
1097 1154 1107 1211 3

268 1237 437 1327 Pondere,
454 1267 524 1313 non
542 1240 667 1328 nervis,
686 1268 827 1342 corpora
840 1257 956 1314 nostra
971 1258 1103 1329 carent;

219 1355 265 1429 Et
280 1352 374 1428 lateri
393 1353 487 1426 dabit
504 1354 540 1427 in
554 1355 639 1428 vires
655 1353 808 1429 alimenta
826 1354 1001 1457 voluptas:

268 1472 417 1571 Decepta
432 1487 483 1544 cst
501 1497 602 1570 opera
619 1469 711 1543 nulla
728 1470 839 1572 puella
854 1501 935 1546 mea.

221 1586 313 1686 Saepe
329 1613 410 1678 ego,
428 1583 554 1657 lascivae
571 1602 748 1658 consumto
765 1603 912 1687 tempore
926 1587 1055 1674 noetis,

268 1698 390 1786 Utilis,
406 1716 441 1771 et
453 1699 535 1772 sorti
552 1727 690 1801 corpore
707 1729 802 1774 mane
820 1700 878 1773 sui.

218 1813 330 1901 Felix,
349 1840 447 1912 quem
462 1812 602 1885 Veneris
618 1814 794 1887 certamina
810 1833 925 1889 mutua
940 1816 1105 1916 perdunt!
1132 1869 1136 1878 ·

237 1954 239 1959 ’
268 1932 315 2004 Di
331 1931 468 2018 saciant,
488 1929 545 2005 leti
560 1958 655 2003 cansa
672 1929 717 2003 sit
732 1931 796 2003 ista
811 1931 894 2005 mei!

221 2049 343 2122 Induat
360 2045 503 2121 adversis
519 2045 683 2119 contraria
697 2064 830 2147 pectora
846 2045 920 2121 telis

268 2163 384 2251 Miles,
401 2180 434 2239 et
451 2180 608 2237 eternum
625 2162 785 2256 sanguine
801 2190 924 2236 nomen
939 2177 1035 2235 emat.

255 2375 292 2424 ¹7·
309 2356 403 2407 Vacuo.
423 2353 521 2413 Viduo,
542 2349 669 2403 melioreu
690 2350 726 2402 H.
774 2369 852 2416 vero,
864 2358 964 2403 mutata
976 2348 1204 2419 interpunctione,
1216 2372 1284 2405 cou-

255 2434 292 2485 18.
305 2433 474 2498 Lateporrere.
485 2430 565 2488 laxe,
576 2429 727 2481 Puteaneus
774 2434 857 2480 sumto
868 2435 976 2496 tempore
991 2432 1096 2493 Μαίη
1116 2427 1152 2479 ita
1166 2437 1196 2479 ut
1212 2428 1284 2481 nulla

220 2521 248 2565 et
260 2520 373 2581 quatuor
384 2507 425 2560 alii
435 2529 442 2570 3
451 2505 522 2576 quod
529 2506 588 2558 etin
596 2505 648 2559 suis
657 2506 727 2558 Nau·
774 2525 836 2559 curn
843 2506 962 2576 sequenti
970 2525 1047 2559 versu
1053 2505 1189 2559 connexio.
1202 2506 1284 2559 Mari·

220 2588 306 2658 gerino
318 2587 454 2639 invenerat
464 2583 547 2650 :duo,
559 2587 641 2644 lassa,
656 2580 727 2651 quod
775 2604 818 2638 me
831 2585 910 2654 igitur
922 2583 1066 2638 laudandus
1074 2584 1245 2637 Burmannus
1257 2594 1284 2637 et

221 2662 253 2715 ad
264 2681 355 2714 veram
366 2662 521 2730 scripturam
534 2658 641 2712 adludit.
658 2660 694 2712 H.
776 2662 902 2716 Heinsius
925 2662 1087 2733 presertim,
1109 2663 1153 2731 qui
1174 2683 1189 2715 e
1211 2673 1283 2716 tanta

254 2740 292 2791 23.
311 2739 446 2807 Sufficiunt
460 2741 568 2804 graciles
580 2747 628 2790 etc.
644 2737 727 2806 Suffi-
773 2741 917 2795 lectionum
928 2740 1035 2809 caligine
1044 2751 1145 2792 textum
1155 2742 1282 2806 eruerint,

189 2879 191 2884 .
219 2823 301 2878 ciam,
315 2816 395 2870 codex
404 2817 568 2881 Puteaneus3
577 2826 647 2869 recte
659 2834 665 2867 ε
677 2816 726 2868 nisi
775 2819 833 2886 qui,
851 2818 871 2870 si
887 2837 941 2870 non
954 2837 1058 2887 semper
1076 2829 1102 2871 et
1114 2819 1209 2887 ubique
1221 2838 1283 2871 vere

221 2894 292 2965 quod
311 2892 476 2963 Neapolitani
491 2892 549 2945 libri
570 2892 647 2946 lectio
670 2911 725 2945 non
776 2894 942 2959 Ouidianus,
963 2895 1079 2963 proxime
1095 2906 1183 2949 tamen
1197 2894 1229 2948 ad
1240 2895 1283 2947 in·

219 2976 308 3029 minus
320 2972 417 3026 arridet
428 2992 435 3026 :
775 2972 943 3042 geniosissimi
954 2984 1037 3041 poetae
1047 2972 1188 3025 dictionem
1200 2972 1282 3042 liqui-

219 3063 317 3102 Sufficiunt
325 3060 421 3110 gnatia,
434 3058 514 3097 sednon
522 3057 714 3097 nineviribunrtnr.
775 3049 907 3103 dissimam
919 3061 945 3102 et
957 3051 1096 3120 elegantias
1107 3050 1212 3105 accedit,

253 3154 293 3203 ²7·
310 3134 382 3200 Soepe
396 3151 443 3200 e5o
454 3136 556 3186 lascire
571 3142 619 3186 ete.
642 3131 728 3185 Simili
808 3129 847 3181 28.
866 3132 951 3182 Fortis
976 3148 1083 3196 corpore.
1107 3129 1215 3199 Legitur
1237 3139 1281 3195 et,

219 3210 726 3281 jactationePropert.11,El.xv111,23:
767 3206 960 3275 sorticorpore,
983 3219 1012 3261 ut
1022 3207 1095 3277 Virg.
1108 3224 1153 3274 rr,
1166 3208 1228 3261 AEn.
1240 3223 1262 3260 rr
1276 3233 1282 3265 ;

379 3305 433 3354 sq„
441 3311 471 3340 ,π
478 3310 558 3353 „lm
567 3302 632 3353 imp,
863 3290 927 3340 Qum
935 3289 980 3327 sorti
992 3298 1068 3340 pectem
1075 3298 1094 3327 et
1104 3293 1171 3328 nmis.
1182 3292 1281 3330 Murrus.

244 3377 335 3416 Officium
345 3377 519 3416 connectentur·
528 3389 600 3413 neum.
775 3366 866 3418 Potest
878 3374 987 3432 utraque
997 3363 1072 3415 lectio
1084 3363 1204 3428 desendi;
1218 3376 1281 3416 nom

220 3477 253 3490 -
266 3453 401 3504 Consumto
412 3455 520 3516 ternpore
530 3453 613 3500 noctis
626 3457 674 3500 etc.
687 3447 728 3501 Sit
775 3452 814 3495 est
832 3452 974 3510 utrumque
999 3441 1111 3494 verbum
1133 3443 1161 3495 in
1183 3442 1231 3496 hac
1252 3462 1283 3496 re

219 3526 558 3598 inexemplumversushic,
566 3545 648 3594 quum
657 3526 726 3579 mille
775 3519 918 3588 proprium·
937 3519 1036 3572 Boou.

220 3607 317 3676 possim
325 3605 468 3670 adducere,
481 3603 632 3657 inconsultae
643 3615 728 3657 teme·
800 3618 838 3669 ²9.
846 3600 1282 3667 Certamuamuruaperdantnum-

219 3684 302 3737 nitatis
315 3702 366 3752 qua
382 3684 422 3752 jus
434 3683 481 3735 sibi
496 3683 604 3751 quisque
621 3691 727 3751 poetam
770 3683 837 3743 pun!
848 3676 997 3729 Puteaneus
1013 3697 1027 3729 a
1044 3696 1127 3730 manu
1145 3674 1280 3742 secunda,

221 3772 342 3814 nostrum
358 3780 406 3831 pro
424 3760 531 3813 arbitrio
546 3759 726 3827 emendandi,
775 3755 847 3824 quod
859 3765 885 3807 et
898 3756 924 3807 in
939 3756 993 3808 aliis
1001 3754 1090 3807 multis
1103 3751 1220 3805 invenire
1229 3762 1281 3805 est:

220 3855 414 3907 nonnunquam
442 3840 521 3892 etiam
550 3837 725 3908 refingendi,
775 3852 843 3887 unus
855 3834 1141 3900 Vaticanus,pmdua!.
1161 3828 1232 3881 Nihil
1242 3840 1283 3881 te-

221 3918 388 3985 arrogaverit.
399 3918 545 3986 Aliienim‚
559 3918 657 3972 larcirae
666 3937 727 3985 m·
775 3930 847 3964 mere
860 3911 1025 3965 mutandum.
1045 3935 1077 3947 -
1095 3905 1147 3959 Sed
1167 3916 1284 3973 rutum!

219 3996 265 4046 dia
280 3995 371 4046 noctis.
391 3995 461 4060 Atii,
478 4002 595 4063 tempora.
606 3997 727 4050 Fuerunt
775 3990 806 4043 ab
817 3990 870 4059 ipsa
878 3989 1054 4042 Ovidiimanu
1061 3985 1207 4054 profectum
1216 4003 1281 4038 cen*

220 4071 281 4142 qui,
294 4078 423 4124 consumsr'
442 4079 552 4139 tempora
568 4079 665 4142 uectem
682 4074 727 4143 qui
773 4072 998 4128 setBurmannus.
