2798 4702
188 312 229 376 82
465 306 504 372 P.
536 307 717 378 OVIDII
739 309 967 381 NASONIS

234 450 346 549 Atque
365 445 463 520 ambo
470 445 624 535 domini,
644 448 735 549 quod
752 450 977 551 probatum,
996 456 1153 555 probant.

187 567 303 664 Quum
318 562 404 637 bene
422 562 473 635 vir
490 564 590 637 traxit
606 563 753 654 vultum,
772 596 938 670 rugasque
955 572 1083 668 coegit,

236 680 341 780 Quod
357 679 465 753 voluit
480 677 552 753 fieri
567 678 692 755 blanda
707 681 835 783 puella,
852 685 941 760 lacit.

186 799 253 874 Sed
270 817 378 872 tamen
394 795 562 870 interdum
577 813 686 872 tecum
702 828 837 900 quoque
848 801 956 900 jurgia
969 822 1096 894 nectat;
1218 827 1251 878 35

234 919 279 989 Et
296 912 429 989 simulet
443 911 608 1003 lacrimas,
628 916 878 1019 carnificemque
896 939 1000 994 vocet.

185 1035 239 1107 Tu
256 1049 372 1106 contra
389 1029 565 1129 objiciens,
586 1060 659 1132 qua
678 1050 752 1106 tuto
771 1032 876 1107 diluat
893 1033 969 1125 illa,

235 1150 276 1222 In
293 1176 406 1222 verum
422 1145 506 1222 salso
524 1148 661 1222 crimine
679 1148 774 1224 deme
790 1149 899 1225 fidem.

187 1264 242 1338 sic
258 1264 322 1338 tibi
336 1293 467 1366 semper
481 1265 610 1352 honos,
629 1265 678 1339 sic
695 1265 761 1340 alta
777 1268 918 1368 pecunia
935 1286 1081 1343 cnseat:

233 1383 314 1456 Hac
330 1379 415 1466 lace,
434 1397 468 1454 et
481 1381 601 1476 exiguo
620 1399 769 1482 tempore
788 1382 874 1457 liber
890 1384 964 1458 eris.
1220 1405 1254 1474 40

185 1498 341 1600 Adspicis
355 1496 525 1569 indicibus
542 1525 642 1570 nexas
659 1525 719 1598 per
735 1496 821 1571 colla
840 1518 990 1574 catenas:

234 1611 414 1715 Squalidus
432 1611 515 1686 orba
526 1609 591 1685 fide
605 1630 742 1711 pectora
759 1642 869 1688 carcer
882 1616 995 1691 habet.

218 1806 258 1859 33.
279 1805 364 1857 Ambo
380 1805 482 1855 domiai.
499 1801 571 1856 Nihil
587 1802 630 1856 hic
647 1822 695 1855 va·
743 1813 770 1857 et
782 1805 898 1875 quinque
916 1806 957 1859 alii
973 1807 1095 1873 codiees3
1113 1810 1163 1865 nisi
1180 1812 1251 1881 quod

185 1881 697 1950 riautcodices.Mariusexplicat,puella
742 1882 829 1937 Jur'eti
849 1895 991 1953 excerpta,
1015 1891 1055 1938 sic
1075 1894 1132 1940 otta
1148 1895 1252 1957 peculia

186 1974 213 2017 et
227 1970 313 2015 custos
324 1959 458 2022 conscius,
471 1957 517 2012 sed
531 1977 581 2027 qua
594 1958 695 2012 ratione
743 1968 864 2014 crescent.
870 1962 941 2033 Lego
948 1968 995 2016 :sic
1000 1971 1073 2016 curta
1076 1970 1179 2031 peculia
1187 1986 1252 2021 cres·

185 2041 323 2095 eunuchus
342 2038 419 2091 titulo
442 2040 541 2090 domini
560 2038 698 2090 communi
743 2046 816 2092 cent:
830 2040 964 2109 quomodo
975 2048 1102 2095 curtem
1114 2043 1182 2112 apud
1196 2045 1252 2097 Ho-

185 2141 248 2177 eum
260 2120 343 2174 amica
358 2118 448 2174 Ovidii
467 2117 585 2188 insigniri
600 2117 695 2186 possit,
743 2118 839 2171 ratium
853 2135 901 2185 111,
914 2118 968 2173 0d.
980 2122 1032 2186 24:

184 2219 241 2253 nou
253 2197 338 2262 Video.
351 2196 423 2267 Lego
436 2195 523 2265 llaqtle
533 2217 541 2260 ς
767 2203 832 2240 curta
838 2203 904 2241 nescio
911 2201 960 2253 quit
968 2215 1044 2252 sempor
1052 2202 1107 2241 abest
1116 2204 1155 2253 rei,

198 2278 696 2336 Atquembodominot¹¹⁰dt¹0¹²⁸¹w2tt⁰l³⁸⁸¹·
743 2283 771 2327 et
789 2281 886 2328 curtare
905 2295 970 2338 mm,
988 2282 1060 2329 curta
1076 2280 1189 2340 tabella,
1203 2296 1254 2348 pro

189 2357 342 2425 Coniuncta
354 2372 435 2424 opera
451 2363 478 2406 et
495 2371 526 2406 ex
542 2363 695 2422 compacto,
744 2374 836 2423 parva,
848 2356 876 2407 in
890 2356 958 2409 Fast.
971 2355 1014 2408 lib.
1027 2371 1066 2422 11,
1079 2356 1146 2422 408:

186 2437 283 2492 marito
304 2453 370 2489 uxor
391 2432 508 2487 adultera
531 2443 559 2486 et
580 2433 698 2488 conscius
739 2485 744 2494 ,
768 2437 1162 2489 usuquanumtntamobautunt

186 2516 324 2572 eunuchus
343 2513 503 2585 persuadent
524 2513 606 2578 illud,
625 2513 698 2583 quod
744 2512 1252 2582 Pecaltaproprieservorumsuot,teste

187 2598 273 2668 puella
284 2594 404 2648 voluerit.
421 2596 532 2647 Probare
542 2597 625 2647 altini
637 2594 697 2647 ele·
745 2589 824 2644 Festo
840 2601 952 2643 :notum
964 2589 1028 2644 illud
1044 2590 1167 2660 principis
1182 2610 1254 2660 poe-

188 2694 252 2745 gans
269 2673 374 2726 locutio.
389 2669 475 2724 Cicer,
493 2688 519 2737 1,
537 2670 645 2723 Verrio.
662 2670 698 2723 t:
745 2677 852 2735 tarum,
872 2669 961 2740 Eclog.
975 2685 1001 2736 1,
1016 2669 1064 2722 33:

189 2773 203 2798 κ
214 2749 309 2819 Quum
321 2749 363 2801 isti
376 2766 512 2801 sermones
527 2747 607 2814 hujus
624 2746 699 2799 modi
744 2752 1181 2804 Nouspottsenntnns,mmpoeutt.
1197 2754 1229 2793 n.

189 2828 369 2897 dissipassent,
383 2824 699 2892 tametsipmbabatarae·
740 2824 1252 2893 ,EsvestigitsPuteanetetJurett,cum

188 2914 254 2964 mini
261 2919 310 2962 etc.
323 2929 336 2953 υ
349 2906 448 2960 But-¹.
745 2922 799 2972 quo
815 2903 875 2956 lacit
893 2904 1120 2959 Francolurtensis
1133 2946 1140 2972 ,
1160 2908 1254 2964 melius

221 2988 262 3040 38.
279 2988 310 3039 In
327 3002 401 3043 vem.
417 2982 493 3052 salso
507 2984 611 3034 crimine
626 2981 699 3032 dene
744 2978 894 3050 legeretur,
913 2987 971 3033 atla
978 2986 1095 3050 peculatu,
1109 2995 1139 3036 ut
1152 2995 1254 3039 veteres

179 3073 269 3141 fidem.
286 3069 317 3121 In
328 3084 412 3119 mmm
428 3064 595 3117 Puteaneus:
609 3071 697 3127 recte,
744 3059 882 3128 scripsisse,
894 3078 949 3112 nou
958 3068 1038 3122 arcta,
1048 3060 1125 3115 docet
1134 3063 1252 3117 Brouldt.

188 3149 209 3202 si
217 3147 341 3214 obj1'c1'eos
348 3140 477 3212 superiori
487 3159 564 3194 versu
576 3157 698 3209 reponas,
746 3136 778 3191 ad
791 3137 878 3190 Tibul.
890 3137 932 3190 lib.
945 3154 970 3205 1,
984 3139 1056 3209 Eleg.
1069 3157 1102 3206 v,
1121 3142 1160 3193 53.
1175 3144 1253 3195 Altus

190 3243 239 3294 pro
246 3224 365 3290 obsides,
375 3220 425 3274 levi
433 3217 588 3273 mutatione.
599 3220 637 3271 Et
646 3223 702 3271 ueri
746 3226 834 3269 autem
855 3227 881 3268 et
898 3223 969 3269 anus
986 3219 1080 3287 passim
1102 3238 1118 3272 a
1144 3219 1255 3274 librariis

189 3301 437 3358 Sarravianusmou
445 3296 521 3351 male.
532 3296 700 3365 Possetquo-
745 3296 859 3349 confusa.
871 3295 969 3347 Bonn.

190 3399 241 3450 que
254 3377 369 3448 refingi:
779 3376 819 3439 4⁰.
832 3373 966 3440 Hoecsace
977 3383 1025 3429 eto
1038 3375 1109 3429 Sana
1120 3376 1197 3430 lectio
1206 3387 1252 3430 est.

189 3472 221 3511 'ro
229 3477 296 3511 enntn
305 3468 412 3518 obitum,
419 3472 514 3517 qua-tuto
522 3463 585 3502 diluat
593 3463 640 3511 tttn,
746 3453 815 3503 Face
826 3452 945 3520 prosae,
958 3461 988 3503 ul
999 3463 1079 3506 staret
1089 3473 1192 3519 versus,
1206 3473 1255 3523 po·

213 3545 236 3593 1,
245 3540 443 3582 missntsoerimine
451 3538 507 3577 tan·
516 3536 580 3575 fidon·
716 3527 719 3534 '
746 3529 804 3582 suit.
819 3529 893 3582 Sicut
905 3530 932 3581 iu
946 3529 1062 3600 Epistola
1072 3530 1198 3602 Phyllidis
1210 3550 1216 3581 τ

190 3616 258 3683 vel,
271 3619 298 3672 1.
309 3634 402 3667 uram.
412 3612 512 3665 Htttts.
526 3609 596 3679 Quo
607 3610 699 3665 ultima
771 3611 850 3664 ahyto,
861 3612 903 3650 stet
912 3615 1234 3665 examictumoptmuuum.

191 3694 296 3750 Heinsii
308 3694 459 3759 conjectura
471 3698 555 3759 posset
567 3709 598 3742 es
608 3690 700 3743 Frao—
781 3689 820 3753 4¹·
831 3688 953 3754 Adspicis
961 3692 1087 3741 audaeibus
1096 3699 1144 3742 eto
1156 3687 1255 3740 Tentat

101 3838 104 3845 ¹
190 3771 283 3827 toltut.
301 3769 390 3824 codice
406 3769 524 3836 firmari,
542 3769 587 3837 qui
603 3768 698 3831 habet,
748 3765 961 3819 nunccustodem
968 3767 1073 3820 illorum
1081 3764 1201 3834 exemplo
1211 3764 1253 3818 de·

191 3845 217 3906 1,
230 3864 323 3898 urum.
748 3855 862 3912 terrere,
874 3847 918 3915 qui
930 3865 984 3899 uon
993 3845 1086 3900 servati
1094 3843 1189 3896 silentii
1199 3863 1255 3912 poe-

222 3921 262 3994 39.
280 3923 323 3974 otc
336 3926 393 3975 alla
404 3931 515 3992 pecunia
532 3930 635 3977 crescet.
658 3925 701 3978 St'c
748 3941 811 3990 uas,
828 3934 855 3976 et
872 3924 1031 3993 gravissimas
1049 3918 1156 3990 quidem
1172 3920 1254 3974 dede-

187 4002 243 4057 alla
252 4002 356 4065 peculia
373 4009 501 4063 crescent,
518 4005 617 4073 optime
637 4003 699 4055 Pu·
746 4011 817 4054 runt
831 4002 908 4069 Quos
920 4002 988 4053 inter
1000 3998 1142 4053 Tantalum
1154 4009 1182 4052 et
1196 3999 1253 4052 Ar-

190 4084 316 4142 tesueus,
333 4096 395 4131 cum
415 4079 534 4147 ejusdem
555 4081 697 4150 excerptis,
747 4099 810 4149 gum
821 4079 963 4148 precipuos
975 4076 1088 4130 adducit
