2798 4702
412 366 658 436 REMEDIA
688 368 906 442 AMORIS.
1119 373 1183 458 lul

131 506 235 601 Exige
253 505 344 606 quod
360 525 486 597 cantet,
501 509 529 582 si
548 527 677 608 quaest
695 511 765 585 sine
782 539 862 585 voce
880 511 1009 613 puella:

111 670 114 675 -
179 624 243 695 Fac
260 619 372 710 saltet,
385 624 490 698 nescit
506 624 535 696 si
554 652 619 724 qua
635 653 765 699 movere
782 655 924 701 manum.

133 740 278 813 Barbara
294 767 442 814 sermone
460 756 529 832 est;
548 737 598 813 lac
615 758 721 816 tecum
737 741 842 819 multa
857 742 1022 844 loquatur.
1137 766 1187 822 335

180 858 259 930 Non
274 856 388 929 didicit
405 854 545 928 chordas
563 873 715 952 tangerc3
733 886 834 959 posce
852 857 965 959 lyram.

134 970 259 1043 Durius
276 971 423 1044 incedit?
439 969 509 1045 lace
526 971 718 1046 inambulet.
740 976 848 1048 Omne
866 973 997 1075 papilla

182 1086 302 1160 Pectus
318 1086 445 1159 babent
463 1086 617 1159 tumidae?
631 1086 730 1161 fascia
745 1088 838 1163 nulla
856 1107 953 1185 tegat.

136 1199 171 1271 si
187 1198 269 1273 male
287 1200 417 1274 dentata
431 1220 497 1289 est;
513 1230 626 1290 narra,
642 1204 733 1303 quod
750 1205 872 1293 rideat,
891 1203 950 1278 illi.

182 1315 346 1390 Mollibus
364 1335 413 1390 est
429 1314 561 1390 oculis?
576 1316 666 1417 quod
683 1302 758 1392 lleat
773 1316 847 1409 illa,
861 1320 956 1394 refer.
1140 1336 1189 1404 tto

135 1431 287 1504 Proderit
305 1448 338 1505 et
354 1431 486 1520 subito,
505 1461 607 1533 quum
627 1460 661 1506 se
679 1461 748 1506 non
765 1433 896 1508 finxerit
912 1433 990 1517 ulli,

182 1545 236 1618 Ad
254 1545 419 1619 dominam
436 1545 556 1620 celeres
570 1576 665 1621 mane
682 1547 797 1623 tulisse
814 1549 945 1645 gradem.

135 1661 325 1735 Auferimur
339 1660 431 1737 cultu
447 1662 605 1758 :gemmis
622 1691 767 1763 auroque
786 1682 943 1759 teguntur

187 1775 308 1849 Omnia
325 1807 332 1850 :
347 1804 423 1877 pars
440 1777 576 1850 minima
592 1795 642 1850 est
658 1779 730 1878 ipsa
747 1778 857 1879 puella
872 1780 935 1853 sui.

137 1892 248 1993 Sapo,
266 1892 398 1980 ubisit,
417 1893 509 1993 quod
526 1921 629 1981 ames,
644 1895 731 1970 inter
749 1913 814 1969 tam
830 1894 935 1969 multa
951 1895 1117 1994 requiras:
1141 1914 1191 1981 ses

185 2007 319 2108 Decipit
335 2008 396 2081 hac
413 2007 528 2082 oculos
546 2008 647 2104 aegide
666 2009 755 2084 dives
773 2012 887 2083 Amor.

137 2123 450 2224 Improvisus-adem
470 2123 649 2223 deprendes
669 2140 760 2198 tutus
777 2124 955 2197 inermem:

186 2238 301 2312 lnselir
320 2239 408 2312 vitiis
425 2239 552 2312 excidet
569 2236 625 2311 illa
641 2238 720 2311 suis.

136 2356 204 2429 Nec
223 2374 331 2428 tamen
347 2353 425 2427 huic
440 2352 579 2426 nimium
595 2369 759 2453 precepto
774 2350 904 2427 credere
924 2368 1032 2426 tutum
1048 2370 1117 2441 est;

171 2547 497 2612 oberenmunester.
513 2546 550 2597 tlt
558 2552 644 2598 caste!
689 2550 812 2615 loquatur.
820 2546 1195 2612 Puteaneusunus,tecrssssl,²

140 2624 238 2691 Regius
250 2630 276 2673 et
285 2622 449 2687 Puteaneus,
462 2640 522 2675 cum
533 2622 583 2674 alio
591 2622 642 2675 Re·
689 2625 794 2678 mallem
804 2663 812 2691 ,
824 2625 875 2693 sac
889 2632 984 2687 lusos,
1000 2633 1028 2678 et
1043 2628 1136 2687 mla,
1154 2631 1192 2680 lo-

141 2700 189 2768 gio.
205 2701 252 2751 Uli
259 2705 345 2751 cante!
355 2697 478 2768 Scaligeri
489 2708 645 2768 excerperet
690 2708 797 2770 quatur:
808 2712 905 2754 crescet
917 2701 989 2754 enim
1000 2700 1091 2754 odium
1103 2712 1130 2754 et
1140 2703 1192 2756 sas-

140 2777 241 2841 Jureti,
258 2795 319 2828 cum
334 2796 388 2829 uno
400 2778 543 2831 Puteaneo.
555 2776 641 2844 Lege,
690 2778 783 2831 sidium
789 2797 820 2830 ee
829 2781 906 2831 mullo
914 2789 940 2831 et
948 2783 1053 2831 barbaro
1060 2797 1192 2833 sermone.

139 2861 331 2921 exspuentes
343 2872 350 2902 .’
370 2874 437 2924 saepe
448 2856 484 2908 sic
500 2865 641 2925 peccatum.
721 2855 1118 2924 337.l)srusuced1·t?saceut
1131 2874 1192 2908 asn—

141 2933 194 2984 Pro
205 2936 338 3000 ss'quaest,
350 2951 418 2985 unus
428 2952 458 2984 ex
469 2933 549 3000 meis,
560 2937 642 2999 siqua
689 2935 761 2985 tutet.
775 2931 869 3001 Scripsi
879 2931 1008 3001 plerique,
1013 2933 1064 3000 sac
1073 2928 1193 2986 mbulet.

140 3017 199 3064 sint
212 3012 293 3064 lness.
691 3009 1001 3080 Regius‚sac1’ssassbsle!.
1008 3010 1122 3078 Excepta
1130 3011 1194 3065 Sca-

173 3092 228 3156 3³4.
238 3093 291 3143 Fac
301 3096 378 3144 salte!
384 3133 391 3151 .
404 3095 486 3145 nesci!
494 3096 522 3143 εἰ
529 3108 578 3158 psa
589 3110 644 3143 nro-
689 3087 773 3157 ligeri,
776 3088 841 3155 fisce
850 3093 987 3141 etamtutet
996 3109 1005 3141 ,·
1008 3089 1073 3156 sace
1084 3108 1133 3158 pro
1134 3090 1194 3158 sac,

140 3187 304 3220 assemanum.
312 3167 421 3236 Optime
427 3170 642 3227 Moseremauusn,
691 3167 883 3219 usitatissimum
900 3166 1003 3219 Nostro.
1018 3168 1199 3220 Isambslwds'

142 3245 642 3321 xetpesspiessslcelleg.Mel.XlV,52ot
690 3241 770 3294 verbo
785 3244 937 3309 frequenter
954 3261 1014 3294 usus
1027 3252 1067 3295 est
1080 3241 1193 3299 Cicero:

141 3332 282 3369 adnumerum
292 3331 349 3369 mosis
357 3330 526 3368 mutuemus
533 3329 618 3368 :tom
690 3315 752 3370 binc
760 3329 787 3373 et
796 3321 961 3371 imbutam
972 3317 1042 3386 apud
1053 3319 1196 3375 Catullum.

140 3405 280 3456 laetareris
291 3421 414 3455 numerum
425 3404 535 3461 tractae,
542 3400 643 3454 Lucret.
725 3396 780 3447 338.
792 3398 871 3449 Ossae
875 3399 980 3464 papilla
988 3399 1082 3449 Pectus
1089 3400 1195 3452 habent:

140 3479 184 3532 lib.
195 3478 244 3546 IV,
257 3479 318 3549 7733
328 3490 355 3530 et
363 3482 449 3530 mollia
457 3481 580 3531 mobiliter
587 3480 644 3530 dra·
691 3476 778 3523 otrus
782 3472 873 3539 sascs'a
882 3476 953 3525 solta
963 3478 1040 3539 tegat.
1051 3475 1143 3524 Pectus
1154 3477 1197 3525 ha·

140 3561 200 3610 chia
212 3563 322 3611 mittere.
343 3556 386 3608 lib.
399 3555 458 3619 IV,
484 3552 644 3625 791.Gestus
691 3552 750 3602 leo!
766 3555 880 3613 lemida,
906 3551 997 3618 prisca
1020 3548 1150 3603 editiones
1171 3563 1199 3606 et

142 3633 215 3686 enirn
236 3650 364 3686 manuum
385 3643 411 3684 et
433 3629 599 3683 brachiorum
615 3629 643 3679 in
692 3628 878 3694 Sacrarianus,
890 3649 951 3682 cum
962 3637 1079 3697 quatuor
1089 3629 1200 3682 aliiseoa

141 3714 275 3768 saltatione
288 3712 432 3781 puellarum
445 3710 502 3778 plus
513 3726 644 3761 commen·
692 3707 791 3760 ditibus
803 3723 809 3755 τ
823 3708 892 3776 quod
905 3728 959 3778 pree
971 3708 1076 3775 vulgata
1087 3706 1199 3763 lectione

142 3789 268 3854 dabatur,
283 3807 362 3856 quam
374 3786 472 3856 pedum
484 3794 579 3836 motus.
692 3781 791 3851 placen
804 3783 893 3835 malim
910 3783 990 3835 etiam
1002 3819 1010 3846 ,
1023 3782 1116 3846 fascia
1129 3786 1201 3834 nulla

174 3870 230 3922 335.
241 3871 358 3920 Barbara
366 3885 477 3920 sermone
486 3872 531 3915 est.
542 3864 644 3915 Semo·
690 3863 758 3926 lim,
766 3879 843 3930 quam
851 3866 926 3928 tegat.
932 3860 977 3912 sic
983 3859 1065 3911 Mart.
1073 3874 1130 3924 xlv,
1141 3859 1203 3925 134:

141 3968 196 4000 seem
205 3956 245 4001 est
252 3947 385 4005 Patavin.;
398 3955 427 3997 ut
437 3945 470 3997 sit
482 3942 642 4013 graecismus,
691 3944 758 3982 esset·
767 3951 873 3983 numu·
881 3943 966 3981 emina
973 3953 1076 3992 compesce
1087 3941 1177 3990 peretto.

142 4027 216 4092 cujus
227 4036 296 4078 notae
313 4023 402 4075 multae
418 4029 558 4073 occurrunt
576 4015 644 4085 apud
724 4017 812 4083 343-4.
834 4018 962 4083 Teffustur
973 4015 1076 4064 Omnia.
1089 4013 1119 4065 ln
1131 4030 1204 4065 non·

143 4101 561 4155 remuneraturus-lucrecio
568 4096 646 4151 mlta
691 4093 767 4149 nullis
779 4098 898 4160 comta,
914 4109 971 4145 non
983 4095 1078 4144 onore.
1092 4089 1187 4145 Neue.
