2798 4702
372 374 729 443 omnicamma
759 375 948 445 samm.
1130 381 1196 475 ttr

125 519 237 594 Prima
254 515 347 590 sitin
364 515 462 589 vobis
478 541 610 587 morum
627 513 751 603 tutela,
767 514 909 617 puellae:

175 633 314 729 Ingenio
332 632 431 706 facies
450 629 644 705 conciliante
661 631 780 733 placet.

128 751 248 824 Certus
265 777 357 822 amor
373 775 505 820 morum
522 764 572 821 est
586 777 594 820 ε
610 746 750 822 formam
768 733 990 848 populabitur
1006 766 1098 841 aetas,
1164 772 1198 844 45

176 867 222 938 Et
239 862 380 964 placitus
398 861 491 954 rugis
507 861 620 937 vultus
638 882 748 939 aratus
766 865 839 938 erit.

126 986 275 1083 Tempus
291 981 371 1066 erit,
391 1008 458 1078 quo
476 1008 537 1053 vos
553 980 728 1080 speculum
745 982 867 1055 vidisse
884 981 1033 1082 pigebit,

175 1103 221 1174 Et
240 1097 350 1170 veniet
367 1096 459 1190 rugis
477 1095 579 1170 altera
597 1125 713 1184 causa,
729 1095 837 1169 dolor.

128 1213 275 1298 Sufficit,
294 1228 327 1285 et
344 1209 483 1305 longum
502 1210 655 1311 probitas
672 1211 832 1312 perdurat
849 1212 884 1284 in
903 1240 1027 1302 aevum3

77 1350 84 1364 ·
176 1331 320 1428 Fertque
336 1355 417 1400 suos
434 1354 540 1400 annos
554 1357 562 1399 :
577 1327 656 1399 hinc
673 1327 758 1402 bene
774 1328 898 1430 pendet
915 1358 1017 1403 amor.
1168 1358 1201 1410 5„

128 1446 246 1532 Disce,
260 1474 337 1539 age,
354 1473 457 1543 quum
473 1460 604 1516 teneros
623 1473 762 1518 somnus
779 1444 941 1520 dimiserit
958 1465 1066 1537 artus,

179 1560 326 1635 Candida
345 1590 412 1660 quo
430 1561 563 1661 possint
580 1590 637 1633 ora
654 1562 760 1636 nitere
777 1563 890 1635 modo.

129 1674 279 1761 Hordea,
296 1704 369 1775 quae
386 1675 504 1776 Libyci
522 1675 651 1749 ratibus
668 1677 785 1750 misere
804 1675 935 1763 coloni,

178 1805 289 1876 Exsue
308 1801 348 1875 de
365 1801 459 1903 palea
477 1802 748 1903 tegminibusque
766 1803 847 1877 suis.

130 1922 196 1993 Par
215 1919 283 1993 ervi
298 1948 452 1993 mensura
466 1918 579 1992 decem
596 1919 749 1994 madefiat
765 1921 807 1994 ab
826 1921 917 1994 ovis:

179 2036 245 2111 Sed
263 2035 433 2110 cumulent
450 2034 552 2109 libras
570 2035 671 2110 ordea
688 2035 778 2109 nuda
796 2036 888 2109 duas.

131 2153 209 2227 Haec
227 2153 286 2226 ubi
302 2170 455 2226 ventosas
471 2152 595 2226 suerint
612 2152 731 2226 siccata
749 2180 809 2252 per
827 2181 944 2239 auras,

177 2281 282 2352 Lenta
296 2278 377 2376 jube
395 2278 513 2351 scabra
528 2277 660 2372 frangat
676 2276 776 2351 asella
791 2275 890 2351 mola.

128 2509 166 2557 rr's
179 2507 317 2574 finduntur
337 2508 453 2556 cantibus
475 2523 578 2572 angues.
605 2503 640 2557 Et
688 2505 884 2557 delamense
892 2503 966 2557 nihili
974 2507 1204 2574 summecjuvant

131 2585 217 2635 Varro
229 2580 357 2635 Atacinus
370 2601 376 2634 :
392 2583 472 2650 Cujus
483 2591 513 2636 u!
522 2586 643 2650 adspexi!
688 2582 747 2635 libri
760 2593 869 2635 veteres.
887 2582 978 2636 Scribe
991 2582 1163 2638 nihilominus
1178 2606 1184 2639 :

128 2668 195 2712 dorla
205 2666 284 2727 capul
290 2679 372 2729 angue
382 2666 524 2714 revlltclum·
540 2659 619 2714 CIM-
770 2673 860 2722 Longum
869 2672 955 2723 probitas
964 2672 1055 2722 perdurat
1064 2674 1083 2710 in
1092 2688 1170 2722 evum,

164 2739 203 2804 43,
221 2741 307 2791 Prima
316 2743 352 2790 sl!
360 2743 388 2791 in
400 2742 471 2791 wbpssr
483 2749 531 2792 etc,
546 2739 590 2792 Sic
600 2738 641 2791 le·
714 2745 800 2795 Fertque
810 2758 856 2783 suos
863 2759 924 2784 annos
936 2760 941 2784 :
953 2746 999 2784 bino
1007 2746 1055 2784 bene
1062 2748 1133 2798 pendet
1141 2763 1202 2788 amor.

130 2815 247 2886 gendum
257 2827 284 2870 ct
293 2816 511 2887 distinguendum
518 2818 641 2870 censebat
692 2817 875 2886 Quintilianus
885 2818 927 2871 lib.
937 2819 964 2872 ll
973 2858 980 2884 ,
994 2838 1049 2888 rap.
1059 2836 1088 2870 ιν
1100 2839 1106 2872 :
1121 2823 1204 2889 Quare

131 2894 270 2967 Micyllus:
690 2899 756 2949 meti
768 2902 902 2948 maturitas
920 2916 951 2948 ne
963 2896 1074 2964 scslr'rrc!
1087 2903 1201 2966 quedem,

130 2987 195 3024 Prima
205 2987 229 3024 sit
238 2987 258 3024 in
266 2985 323 3025 vobis
331 2999 408 3025 norum
416 2987 490 3034 tutela,
499 2987 569 3037 puello:
578 3001 585 3035 ς
690 2994 737 3028 nec
744 2982 827 3027 musla
835 2980 861 3026 1¹71
869 2979 928 3027 lacu
938 2982 1024 3028 slall'm
1034 2984 1137 3030 ausim
1144 2984 1204 3031 sind.

155 3060 237 3109 tagenio
244 3059 304 3098 sule·
311 3061 427 3099 conciliate
436 3061 506 3111 placet·
691 3055 733 3106 Sr'c
744 3074 825 3107 annos
837 3057 930 3108 serent.
940 3056 979 3109 Ita
989 3067 1015 3109 et
1023 3059 1203 3125 elatcmlerrc.

132 3133 172 3186 Ut
178 3137 269 3200 puelle
277 3133 389 3187 vocandi
400 3153 473 3187 casus
483 3135 530 3201 sit,
543 3144 570 3187 et
581 3153 643 3204 pos·
725 3135 764 3185 51.
778 3135 888 3186 Br'scile.
901 3134 953 3186 Hic
965 3135 1055 3204 incipit
1066 3149 1142 3205 poeta
1153 3137 1203 3189 do-

131 3212 214 3263 terior
225 3231 314 3265 versus
329 3232 377 3281 per
388 3232 415 3264 se
428 3213 587 3265 sententiam
598 3214 642 3265 sa·
691 3230 749 3262 cere
758 3210 831 3262 larici
841 3211 1015 3266 medicamen.
1023 3213 1102 3285 Lege,
1113 3217 1202 3279 Disce,

132 3291 195 3355 ciat,
206 3310 266 3342 eam
275 3290 372 3344 scilicet
381 3310 387 3343 :
396 3290 547 3356 facies,sive
556 3292 642 3343 forma
690 3308 805 3357 agecurn
815 3289 981 3342 Menteliano
990 3311 996 3343 ε
1004 3294 1204 3361 namjubcpau·

132 3377 190 3419 tum
202 3369 366 3436 potissimum
375 3367 474 3436 placet,
485 3367 592 3436 quando
602 3369 643 3421 in·
690 3366 717 3419 lo
725 3377 783 3436 post
790 3368 1013 3437 sequiturzprima
1022 3369 1204 3439 editioetscp-

134 3445 257 3513 genium,
267 3446 317 3500 hoc
329 3456 382 3512 est,
391 3447 460 3499 bona
471 3457 580 3513 natura,
589 3447 642 3501 sive
691 3455 746 3498 tem
759 3446 846 3514 scripti
858 3485 865 3511 ,
881 3448 997 3511 Discite,
1010 3457 1039 3498 ut
1052 3447 1126 3500 initio
1138 3467 1204 3517 ope-

134 3524 264 3591 probitas,
280 3544 339 3577 eam
350 3524 485 3592 conciliat,
497 3525 549 3578 sive
562 3545 642 3579 com-
691 3523 742 3577 n's:
753 3523 825 3592 quod
837 3524 862 3576 e't
874 3524 976 3576 Marius
987 3525 1069 3594 Niger
1079 3526 1202 3593 agnoseit.

134 3602 250 3655 mendat.
265 3603 320 3656 Aut
330 3623 437 3657 rursum
450 3623 455 3655 :
692 3601 782 3673 Illyrii.
791 3602 878 3666 malit,
887 3605 956 3668 Ergo
966 3622 1021 3669 age.
1033 3601 1102 3671 Lege
1111 3603 1201 3669 ctiam,

134 3693 199 3732 Prima
208 3694 234 3731 m
242 3693 262 3731 in
270 3694 326 3733 vobis
334 3707 411 3733 monem
418 3695 480 3732 curet·
491 3722 497 3741 ‚
507 3695 576 3745 puello
691 3685 823 3740 dimiserit,
836 3700 896 3733 cum
907 3681 999 3733 iisdem
1007 3682 1107 3750 scriptis
1115 3692 1141 3733 et
1151 3682 1205 3751 pri·

158 3767 529 3818 lugmtnsnetememittanieptaeeu.
692 3779 735 3811 rna
748 3758 864 3812 editione
877 3778 883 3810 :
897 3769 1037 3828 postquam
1055 3778 1164 3812 somnus
1176 3770 1204 3813 te

134 3841 173 3896 Ut
190 3841 212 3894 si
230 3839 296 3893 ordo
309 3861 316 3895 ε
329 3840 421 3911 puellae
442 3841 561 3910 placent,
581 3841 643 3892 sor·
692 3837 817 3890 destituit.
830 3837 931 3889 Heius,

134 3939 206 3974 mam
220 3919 424 3975 commendante
436 3921 544 3990 ingenio
557 3929 605 3972 etc,
725 3919 764 3968 55.
782 3917 836 3967 Par
845 3920 903 3966 ervi.
918 3915 950 3967 ln
964 3914 1204 3984 llelmaestadiensi,

170 4001 210 4067 46.
232 4000 337 4052 Aratus.
359 3998 476 4053 Malebat
496 3999 642 4066 Heinsius,
688 3997 827 4061 parorobr',
837 4014 897 4047 cum
907 3993 1096 4060 Glossnordet.
1106 3993 1205 4049 Graecis

134 4082 251 4132 arandus,
692 4091 785 4125 ervum
803 4079 876 4149 ὄροέος
892 4072 991 4125 dictum
1003 4112 1011 4138 ,
1025 4074 1096 4127 unde
1115 4075 1204 4127 minus

166 4155 644 4223 SoPerquesuosanaosht'rcderepen-
692 4161 733 4204 tus
747 4153 859 4205 orobr'am
873 4150 1008 4219 dixerunt,
1030 4163 1095 4208 teste
1112 4150 1200 4208 Plinio
