2798 4702
374 367 609 437 AMORUM
637 370 668 438 1.
698 368 844 440 ELEG.
875 371 993 440 VIII.
1173 375 1216 460 43

153 506 283 602 Lingua
297 504 403 605 juvet,
423 525 633 609 mentemque
651 525 757 604 tegat3
771 507 938 597 blandire,
957 537 1130 611 noceque:
1210 540 1214 548 ·

203 623 311 724 Impia
328 623 392 697 sub
413 622 501 696 dulci
515 623 613 698 melle
629 653 753 700 venena
771 624 884 700 latent.

153 740 232 814 Haec
250 741 278 814 si
295 739 502 841 prestiteris,
522 768 587 814 usu
604 740 687 814 mibi
702 740 837 836 cognita
851 740 975 837 long03
1174 765 1220 817 105

202 856 272 928 Nec
290 853 428 928 tulerint
443 882 540 927 voces
556 872 674 928 ventus
692 873 726 930 et
741 884 820 929 sura
836 884 941 944 meas;

155 968 248 1070 Saepe
267 970 351 1044 mibi
369 969 476 1058 dices,
493 969 584 1044 rivas
601 970 687 1045 bene
701 1000 710 1042 ε
723 997 809 1072 saepe
826 973 976 1069 rogabis,

198 1088 250 1159 Ut
267 1115 339 1160 mea
354 1085 516 1160 delimctae
528 1084 673 1161 molliter
691 1115 766 1160 ossa
783 1087 949 1162 cubent.»

152 1200 229 1272 Vox
247 1218 317 1274 erat
333 1201 369 1273 in
385 1229 500 1290 cursu,
520 1229 624 1301 quum
637 1228 690 1275 me
705 1229 779 1275 mea
794 1201 944 1302 prodidit
959 1200 1087 1276 umbra.

200 1315 248 1388 At
263 1332 385 1389 nostre
401 1316 456 1388 vix
471 1343 506 1389 se
524 1315 715 1389 continuere
733 1343 867 1404 manus,
1175 1356 1221 1392 no

154 1428 247 1526 Quin
265 1428 374 1504 albam
388 1457 561 1531 raramque
579 1459 722 1518 comam,
740 1429 979 1533 lacrimosaque
995 1433 1072 1507 vino
1113 1438 1117 1447 ’

201 1545 361 1634 Lumina,
379 1574 519 1642 rugosas
537 1545 818 1647 distraheremque
832 1575 942 1643 genas.

153 1662 200 1735 Di
216 1662 280 1736 tibi
297 1661 377 1736 dent
388 1661 566 1765 nullosque
583 1661 687 1751 lares,
705 1663 905 1763 inopemque
925 1682 1107 1757 senectam3

202 1779 249 1850 Et
264 1776 379 1874 longas
392 1778 536 1867 hiemes,
553 1794 812 1879 perpetuamque
830 1778 936 1853 sitim!

155 1955 215 2021 duo,
224 1977 311 2028 nsque·
319 1958 389 2028 quod
399 1959 504 2013 arridet.
512 1960 662 2019 Hsrrtstus.
710 1960 783 2026 tetii,
806 1961 877 2030 quod
895 1961 1015 2034 elegans,
1034 1974 1061 2018 et
1078 1965 1217 2036 omnibus,

189 2037 241 2089 103.
256 2040 381 2091 Blande're
389 2057 506 2107 neceque.
522 2038 660 2092 Nocentess
708 2057 766 2108 quse
779 2039 948 2109 praecedunt,
961 2043 1152 2096 accommodari
1165 2063 1219 2115 po-

154 2113 303 2170 Palatinus:
314 2121 420 2169 nocenti
427 2115 481 2169 duo
490 2115 533 2168 atii
542 2132 549 2165 τ
559 2134 661 2171 necesse
708 2127 758 2171 test
768 2140 775 2183 ς
787 2118 833 2172 sed
846 2121 1048 2190 destruerentqse
1054 2122 1178 2193 legerem.
1186 2125 1220 2178 B.

152 2192 487 2261 estunus:forte,blaadire
494 2196 614 2248 nocendo.
623 2194 659 2248 H.
744 2197 1220 2270 113.Dltr'bidentnudosquclaresetc.

186 2272 240 2336 rod
257 2272 348 2337 hspr'a.
366 2269 447 2337 Dira,
466 2289 550 2340 seva,
567 2272 660 2341 quibus
709 2273 839 2329 Inchoant
852 2277 1069 2348 Propertianam,
1084 2300 1143 2350 que
1151 2280 1220 2336 Ovi-

152 2346 353 2417 impiibomines
361 2358 475 2401 utuntur
484 2349 512 2401 in
520 2349 659 2405 veneficiis.
709 2350 815 2406 dianam
823 2354 1020 2409 clauduntdirae
1029 2357 1058 2409 in
1066 2358 1160 2411 lenam
1174 2358 1218 2413 Sic

153 2426 295 2481 Possumus
312 2427 355 2480 bic
366 2427 399 2481 de
411 2427 489 2481 melle
502 2439 556 2483 arte
578 2449 661 2484 rene-
708 2432 782 2484 enim
793 2432 879 2502 prior,
888 2433 955 2486 libro
966 2450 1007 2500 ιν,
1022 2434 1095 2502 Eleg.
1108 2452 1137 2500 v,
1149 2455 1173 2487 v.
1189 2456 1198 2487 r
1211 2455 1218 2489 ε

153 2516 215 2558 nato
223 2505 368 2576 intelligere
379 2526 386 2560 ε
399 2505 469 2575 quod
479 2508 561 2578 magis
569 2508 660 2578 placet.
708 2521 769 2559 'rm
778 2530 834 2561 suun·
843 2524 906 2573 spinis
915 2523 1011 2570 omma,
1020 2524 1075 2570 tm,
1083 2524 1207 2575 epulam,

152 2582 230 2636 Mss-
246 2585 373 2638 Francius
383 2585 514 2653 malebat,
530 2589 659 2653 stuprata,
732 2595 811 2642 nrum,
822 2595 972 2646 ,narona
984 2595 1207 2648 natumnatum,
1244 2597 1251 2603 ·

151 2661 193 2713 vel
204 2668 291 2715 nom,
708 2668 751 2708 Neo
761 2667 839 2705 sedum
849 2669 908 2707 sineri
918 2682 996 2714 naues,
1006 2677 1026 2707 et
1034 2669 1128 2709 Cerberus
1135 2670 1189 2710 nhor

189 2757 242 2807 ¹⁰7·
258 2741 328 2806 Sepe
340 2741 493 2803 nitidius,
506 2744 579 2793 viras
590 2744 658 2795 berse.
732 2742 808 2793 Turpi·
816 2743 884 2793 i0i⁰¹¹⁰
892 2751 964 2781 Μ
973 2756 1017 2783 ⁰¹⁵³
1030 2746 1090 2784 sonet

159 2817 227 2869 Viae
244 2820 306 2868 berse
323 2817 487 2886 Puteaneus,
503 2829 530 2872 et
547 2838 561 2871 a
577 2837 660 2873 mauu
708 2843 742 2857 ··-
753 2817 795 2870 Dr
805 2819 854 2870 titt
863 2819 926 2870 dent
934 2821 1066 2887 nullosque
1077 2822 1152 2872 Iam.
1164 2822 1222 2875 Ns·

154 2891 240 2961 prima
247 2893 432 2949 Sarravianus:
444 2904 521 2950 recte.
530 2897 609 2950 Trist
617 2896 660 2951 lib.
709 2898 803 2964 desque
814 2896 931 2966 quinque
941 2897 1037 2966 scripti.
1050 2897 1150 2950 Hirtus.
1160 2899 1221 2949 Nul-

155 2986 189 3037 ν,
213 2970 343 3041 Eleg.1x,
356 2992 379 3024 v.
391 2987 422 3045 9:
709 2977 749 3027 Ios
760 2977 842 3035 lam,
864 2974 935 3043 quod
947 2993 1040 3028 omnes
1053 2984 1113 3027 aute
1126 2973 1220 3026 Hein-

154 3054 197 3093 Neo
204 3053 240 3092 tibi
250 3063 331 3092 oesssrst
341 3053 409 3094 doetus
417 3055 465 3094 bene
474 3055 538 3096 tieem
546 3057 614 3098 lector·
629 3059 659 3099 Β.
708 3051 778 3104 sium
789 3052 853 3105 editi
866 3062 989 3118 tuentur,
1002 3061 1030 3104 el
1041 3051 1133 3120 opllml
1146 3049 1221 3103 codi-

190 3146 243 3200 roq
261 3130 506 3184 Vosemtr'scrm.
519 3130 662 3187 SiNoxle-
710 3148 751 3183 oes
770 3128 888 3195 babent,
911 3128 1049 3182 revocari:
1068 3127 1220 3181 audierim

157 3215 247 3274 gatur,
261 3217 290 3259 ut
301 3218 340 3260 est
355 3207 450 3276 passim
462 3209 490 3260 in
501 3210 661 3279 exemplari-
709 3209 777 3259 Iam
788 3225 822 3258 an
836 3216 906 3260 recte
919 3204 1055 3272 dicantur,
1074 3204 1148 3258 valde
1160 3204 1218 3259 du-

153 3284 220 3352 bus,
233 3285 320 3338 nullus
333 3286 493 3339 conveniens
503 3306 593 3342 sensus
605 3288 662 3343 elici
710 3285 781 3338 bito:
794 3302 870 3337 voces
882 3300 945 3336 sero
956 3282 1005 3336 itte
1017 3282 1089 3336 facile
1102 3300 1220 3337 commu·

153 3363 251 3431 poterit
264 3379 271 3412 τ
283 3364 394 3417 omnino
405 3364 501 3435 igitur,
517 3366 586 3418 utin
597 3385 663 3420 cor·-
711 3373 810 3416 tantm.
825 3361 923 3415 Bonas.

153 3450 227 3494 recto
239 3440 326 3495 codice
338 3442 465 3512 scriptum
478 3452 538 3511 est,
555 3464 606 3497 ωε
618 3445 663 3498 le-
746 3443 800 3508 ¹¹4·
808 3442 946 3509 Etlongas.
954 3442 1015 3503 Per,
1031 3439 1219 3493 Farnesianus:

154 3516 271 3587 gendum
279 3518 406 3582 arbitror,
419 3528 449 3572 ut
456 3519 489 3572 sit
498 3538 601 3574 sensus:
610 3520 663 3574 Ad·
711 3529 775 3590 puto
780 3559 788 3586 ,
788 3519 839 3588 ser.
848 3519 948 3573 Herus.
958 3521 1218 3591 Contstsuasuhyemes,

152 3592 205 3648 buc
216 3595 372 3664 loquebatur
388 3595 501 3666 Dipsas,
514 3616 597 3667 quum
609 3598 664 3652 mei
711 3597 792 3651 codex
805 3597 904 3651 Dousae
915 3611 921 3644 ἓ
932 3595 977 3650 sed
990 3594 1052 3648 illud
1061 3594 1221 3665 perelegans

153 3674 268 3743 corporis
280 3674 374 3727 umbra
386 3693 431 3728 me
442 3674 587 3744 prodente,
600 3695 664 3730 sen-
711 3675 903 3741 mibiridetur,
913 3685 943 3727 nt
951 3692 1069 3728 errorem
1079 3675 1222 3739 (sullosla-

152 3751 185 3805 sit
195 3771 238 3805 me
250 3763 309 3823 post
320 3753 418 3806 bifores
429 3752 540 3807 latuisse.
552 3754 631 3807 Man.
711 3757 762 3821 m)
770 3757 913 3822 perlonffas
920 3755 1028 3812 tremes,
1050 3752 1143 3821 quibus
1150 3751 1222 3806 into-

187 3850 240 3883 na.
258 3833 481 3899 Distmderesrque
489 3850 580 3898 pesas.
597 3832 664 3884 Dis·
710 3830 869 3886 lerabiliores
879 3839 958 3896 sunt,
979 3840 1005 3883 et
1022 3835 1120 3897 inopem
1132 3848 1222 3882 senec-

153 3909 340 3978 tradmntqse,
361 3908 513 3963 Puteaneus
528 3929 590 3964 cum
609 3909 663 3965 aliis
711 3916 780 3974 tam,
788 3929 838 3977 per
845 3918 1000 3979 perpetuam
1009 3909 1080 3962 sitim
1091 3909 1221 3978 imprece-

155 3985 324 4053 quibusdam:
337 3985 370 4040 de
382 3987 503 4041 manibus
514 3988 566 4042 suis
577 3987 664 4057 loqui·
711 3997 777 4055 tur,
800 4006 853 4057 quo
872 3987 933 4040 anui
953 3987 1095 4042 multibibae
1117 3985 1220 4039 nullum

155 4073 205 4118 tur,
222 4065 324 4132 Hnrs.
347 4068 555 4137 Bestrsmssqse
576 4067 663 4126 Men·
711 4062 1220 4138 srsviustormenfflme¹0⁰tllflrlp⁰⁵⁸ll
1332 4149 1335 4153 ,
