2798 4702
400 310 637 380 REMEDIA
667 314 885 386 AMORIS.

167 447 306 522 Pectora
322 476 330 520 τ
346 447 497 523 vindictae
515 451 654 550 quisque
673 450 776 525 favete
794 471 870 528 su'ae.

118 565 166 637 Te
181 591 315 663 precor,
333 591 353 635 o
372 580 478 652 vates,
493 566 579 638 adsit
596 583 653 638 tua
668 565 777 641 laurea
791 569 908 653 nobis,

167 679 349 765 Carminis,
366 696 401 752 et
416 679 568 766 medicae,
588 680 729 769 Phoebe,
748 701 898 784 repertor
915 685 997 783 opis.
1020 666 1026 676 ¹

118 796 171 867 Tu
187 796 310 895 pariter
324 796 407 883 vati,
427 796 551 896 pariter
568 804 720 870 succurre
737 796 902 886 medenti;

168 912 314 1011 Utraque
333 909 443 985 tutelae
461 910 595 984 subdita
612 940 691 985 cura
709 931 782 986 tue.

120 1051 208 1123 DUM
223 1049 317 1139 licet,
334 1069 367 1125 et
382 1052 505 1125 modici
522 1069 663 1148 tangunt
676 1052 856 1152 praecordia
872 1072 1001 1142 motus3

167 1165 202 1236 Si
220 1167 327 1266 piget,
343 1167 378 1238 in
393 1168 502 1268 primo
519 1167 633 1243 limine
650 1169 729 1242 siste
747 1168 873 1269 pedem.
1142 1198 1175 1248 80

120 1281 301 1381 Opprime,
319 1282 396 1355 dum
411 1313 496 1359 nova
513 1302 609 1373 sunt,
630 1284 733 1359 subiti
749 1285 834 1360 mala
852 1285 976 1360 semina
990 1288 1118 1376 morbi3

166 1398 211 1468 Et
229 1413 323 1484 tuus,
342 1397 504 1499 incipiens
520 1400 588 1486 ire,
603 1401 737 1474 resistat
753 1429 868 1501 equus.
1002 1404 1012 1423 ’

119 1511 202 1583 Nam
220 1538 313 1583 mora
331 1510 393 1584 dat'
404 1511 512 1600 vires3
530 1508 657 1586 teneras
675 1541 768 1586 mora
783 1514 1077 1614 percoquit.uras;

75 1691 78 1697 ,
167 1627 212 1698 Et
229 1625 350 1699 validas
366 1645 508 1721 segetes,
526 1627 617 1727 quod
633 1627 697 1700 fuit
713 1628 832 1716 herba,
848 1629 934 1702 sacit.

119 1742 204 1837 Quae
222 1741 349 1841 praebet
365 1741 446 1816 latas
462 1743 563 1816 arbor
580 1745 802 1846 spatiantibus
821 1747 978 1833 umbras,
1142 1772 1176 1824 85

42 1858 46 1863 ’
168 1857 248 1952 Quo
267 1858 377 1956 posita
394 1874 443 1932 est
458 1860 601 1958 primum
619 1878 784 1962 tempore,
800 1861 893 1956 virga
908 1863 982 1935 suit.

119 1974 206 2045 Tum
223 1989 353 2071 poterat
369 1974 521 2048 manibus
538 2003 664 2049 summa
683 1976 797 2050 tellure
815 1976 924 2050 revelli
941 2007 949 2048 :

167 2092 264 2162 Nunc
282 2106 347 2162 stat
364 2090 398 2162 in
418 2091 614 2166 immensum
631 2092 759 2163 viribus
777 2108 871 2163 aucta
889 2093 967 2162 suis.

119 2204 226 2301 Quale
244 2206 288 2278 sit
305 2205 357 2294 id,
374 2207 465 2306 quod
484 2233 588 2291 amas,
607 2203 704 2277 celeri
717 2203 931 2304 circumspice
948 2219 1077 2291 mente,

167 2326 211 2397 Et
228 2342 284 2398 tua
300 2323 417 2397 laesuro
434 2320 591 2394 subtrahe
610 2319 696 2395 colla
710 2320 801 2418 jugo.
1141 2360 1174 2411 9⁰

118 2505 625 2575 duoalii,proximeverunr,dannessnn
706 2523 744 2572 77.
756 2503 895 2568 Τιμαίαν
901 2505 1011 2554 oalr'etc.
1026 2503 1173 2565 Turselius,

114 2601 225 2649 pressa:
240 2600 317 2650 supra
325 2619 333 2646 ,
356 2586 416 2633 υιίιϊ
430 2598 525 2631 sernnnr
537 2586 625 2645 pectus
673 2580 759 2650 Murg.
772 2581 937 2633 Bersmanui.

120 2657 225 2709 dixerat.
239 2657 374 2710 Sallustius
387 2657 489 2726 egregie
505 2656 533 2707 in
550 2657 620 2724 frag·
704 2660 911 2725 susuupeden.
921 2656 1174 2730 Gradnnrduoserip·

120 2735 215 2786 ruentis
230 2754 236 2785 z
258 2755 271 2778 o
283 2734 367 2787 Porro
378 2734 410 2799 ii,
426 2733 518 2801 quibus
529 2733 567 2786 bis
579 2732 620 2785 die
670 2736 707 2789 ti:
721 2746 751 2789 ut
763 2735 901 2804 Virgilius,
922 2735 1026 2789 AEneid.
1039 2736 1175 2803 vuius:

120 2821 240 2862 ventrem
254 2828 380 2875 onerare,
398 2810 497 2863 nullam
516 2821 621 2863 noctem
670 2817 1175 2869 semmam,rs{uu·peeeumussnsumm.

120 2886 175 2939 sine
188 2896 273 2939 scorto
284 2886 414 2953 quiescere
430 2904 487 2938 mos
500 2897 557 2953 est,
578 2885 622 2938 ubi
704 2892 743 2944 83.
765 2894 873 2944 Teneras
885 2911 954 2944 nrora
964 2897 1093 2959 percoqui!
1107 2909 1178 2943 uras.

120 2963 255 3029 animum,
269 2981 349 3030 quem
359 2961 488 3015 dominari
499 2963 621 3028 decebat,
671 2971 797 3037 Decoan'!
805 2970 892 3040 scripti
906 2969 1043 3034 nonnulli,
1056 2969 1134 3022 etiam
1145 2988 1176 3020 ex
1249 2978 1252 2985 '

120 3044 224 3096 servilio
237 3061 389 3110 omittere,
405 3060 571 3111 nequaquam
591 3059 623 3094 eo
671 3046 838 3112 melioribus,
859 3047 1020 3114 comprima
1040 3044 1177 3098 editione:

120 3134 207 3193 postea
215 3122 302 3175 hebeti
310 3133 387 3191 atque
394 3121 541 3191 claudopro
549 3142 623 3175 exer·
670 3127 708 3180 nil
725 3137 813 3180 tamen
832 3135 913 3177 muta.
929 3125 1038 3192 Proprie
1056 3121 1175 3191 conside

120 3204 181 3256 citio
194 3202 231 3255 uti
242 3201 340 3253 volunt.
350 3225 363 3246 υ
379 3202 477 3254 Httrns.
671 3203 810 3256 vindemia.
823 3201 914 3269 Virgil.
928 3200 958 3265 l,
972 3200 1068 3269 Georg.
1082 3205 1147 3253 522:

154 3283 192 3348 75.
211 3281 246 3331 Te
254 3297 352 3343 precor,
367 3297 382 3329 o
395 3283 478 3337 uates,
494 3280 565 3329 adsi!
574 3287 622 3328 etc.

120 3360 258 3422 Incipiens,
278 3376 307 3409 er
321 3357 404 3424 prisco
418 3355 556 3425 exemplari
569 3357 625 3407 Va-

120 3437 198 3489 tican.
207 3435 349 3505 legendum
357 3444 446 3487 censet
457 3432 558 3486 Ciolan.
571 3433 623 3486 Alii

121 3514 234 3580 codices,
244 3535 260 3566 o
269 3522 354 3577 mles,
366 3513 410 3566 sed
423 3512 508 3564 Jureti
521 3530 625 3581 excerp-

121 3601 163 3658 ta,
178 3598 318 3644 arcitenens
331 3607 339 3638 :
353 3589 460 3659 optime.
473 3588 624 3658 Apollinem

120 3670 155 3722 sic
170 3669 263 3737 passim
281 3668 347 3733 dici,
369 3667 481 3719 Dianam
499 3682 624 3733 quoque,

121 3747 165 3815 qui
179 3748 277 3813 nescit,
294 3745 368 3797 valde
383 3745 403 3796 is
422 3753 525 3812 oportet
543 3760 625 3810 pere-

122 3826 210 3894 grinus
220 3846 249 3878 ac
263 3824 355 3894 hospes
367 3823 400 3877 sit
410 3823 437 3875 in
447 3822 546 3890 scriptis
555 3839 625 3890 poe-

122 3901 624 3967 terrrmveterum.Nosterlllet.l⁷l,164:

179 3995 246 4034 Morus
253 4004 304 4042 erar,
316 4006 377 4045 qum
386 3995 426 4044 jem
433 3990 540 4031 ntoesbite
550 3992 609 4029 telun

123 4067 224 4114 Nonsuit,
234 4069 353 4108 Arcitenens.
478 4065 556 4104 usius.

672 3289 728 3326 Miris
736 3288 756 3324 in
764 3287 834 3336 sprieir
841 3287 934 3336 coquitur
941 3285 1038 3324 vindemie
1046 3286 1104 3323 seris.

672 3360 743 3412 Hinc
753 3365 854 3411 coclara
862 3356 996 3411 dicebatur
1007 3377 1037 3409 ea
1047 3357 1100 3409 ccli
1110 3368 1176 3410 tem·

672 3439 770 3507 peries,
782 3454 839 3504 quc
848 3454 910 3488 uvas
918 3447 1033 3488 maturas
1043 3433 1176 3488 reddebat.

674 3513 734 3567 Vid.
744 3514 858 3567 Plinium
867 3512 909 3564 lib.
918 3513 1055 3580 XlV,cap.
1066 3527 1095 3563 ιν
1103 3523 1130 3565 et
1138 3530 1177 3565 vr.

706 3593 745 3645 88.
760 3590 846 3641 Λαιία
860 3595 921 3641 sur's.
935 3589 1007 3641 Λαία
1018 3589 1119 3641 rectius.
1134 3587 1178 3641 Sic

673 3670 740 3722 infra
751 3668 811 3720 rob:
824 3671 861 3720 Εί
868 3673 936 3720 mala
944 3672 1042 3720 radices
1049 3672 1128 3719 allius
1135 3686 1177 3718 nn

673 3752 784 3813 boragr'l.
793 3746 901 3798 Brnsu.
911 3747 981 3798 Λεία
988 3747 1066 3797 etiarn
1074 3746 1100 3796 iu
1110 3744 1176 3796 mul·

673 3826 704 3877 tis
711 3834 750 3876 est
757 3822 900 3881 codicibus:
910 3821 954 3875 sed
964 3824 1065 3874 retineo
1073 3833 1177 3883 tumen,

672 3907 748 3954 ααιία
760 3919 768 3951 .·
782 3917 843 3951 nam
857 3919 930 3966 agere
939 3902 1038 3952 radim
1053 3898 1116 3967 quin
1131 3895 1178 3949 di-

673 3989 747 4032 catur
762 3977 910 4045 eleganter,
927 3987 954 4029 et
970 3995 1036 4045 saepe
1058 3973 1126 4045 apud
1139 3974 1178 4025 rei

673 4056 775 4112 rusticas
784 4054 921 4123 scriptores
931 4064 1064 4118 occurrat,
1075 4051 1177 4104 nullum
