2798 4702
160 328 225 414 442
273 332 313 396 P.
332 331 485 398 OVIDII
500 329 695 398 NASONIS
710 331 922 397 REMEDIA
939 332 1129 402 AMORIS.

157 452 244 544 Vina
260 488 378 572 parant
395 471 542 544 animum
558 471 700 558 Veneri,
717 470 782 543 nisi
800 469 945 570 plurima
962 500 1094 562 sumas,
1179 499 1234 551 805

203 589 249 660 Et
267 605 424 689 stupeant
438 586 547 661 multo
565 587 664 661 corda
682 585 813 688 sepulta
828 615 930 660 mero.

156 704 315 778 Nutritur
330 723 447 793 vento,
463 723 563 778 vento
581 704 802 800 restinguitur
819 704 928 800 ignis:

102 856 106 865 ·
206 822 306 895 Lenis
323 820 383 895 alit
398 821 579 910 flammam,
596 821 752 918 grandior
769 850 849 895 aura
865 837 972 895 necat.

159 938 230 1010 Aut
246 936 337 1011 nulla
356 939 515 1027 ebrietas,
532 956 591 1013 aut
609 956 698 1012 tanta
715 939 775 1026 sit,
795 957 833 1011 ut
850 938 914 1011 tibi
931 966 1027 1012 curas

210 1053 342 1153 Eripiat
355 1083 363 1125 :
378 1054 407 1126 si
427 1084 493 1156 qua
510 1072 561 1130 est
578 1055 664 1129 inter
680 1072 876 1156 utramque,
893 1070 1003 1128 nocet.
1183 1077 1238 1128 8ιο

161 1219 242 1291 Hoc
261 1245 347 1317 opus
365 1219 458 1314 exegi
473 1248 481 1292 :
496 1218 588 1293 sessa
606 1218 680 1293 date
695 1236 782 1294 serta
800 1218 938 1304 carinae3

211 1334 423 1430 Contigimus
439 1353 591 1435 portum,
609 1364 676 1437 quo
694 1334 776 1408 mihi
795 1362 912 1407 cursus
927 1348 1005 1408 erat.

162 1453 347 1526 Postmodo
365 1451 511 1527 reddetis
529 1481 623 1527 sacro
641 1452 697 1553 pia
712 1469 790 1524 vota
808 1467 933 1551 poeta,

214 1570 368 1644 Carmine
384 1571 489 1643 sanati
506 1570 628 1644 femina
642 1569 759 1671 virque
775 1596 860 1641 meo.

164 1770 225 1816 uitis
230 1769 292 1817 meis
300 1766 388 1834 scripti
396 1766 512 1836 plerique
521 1786 582 1820 cum
589 1767 673 1836 prima
756 1769 813 1836 807.
830 1767 948 1818 Nutritur
957 1768 1039 1815 vento.
1049 1761 1136 1827 lenem
1147 1765 1242 1811 oeaetus

165 1841 289 1895 editione.
302 1843 389 1912 Lege:
722 1848 786 1910 alit,
799 1843 887 1897 Jureti
900 1851 1036 1910 excerpta,
1048 1837 1131 1893 codex
1141 1838 1242 1891 Putea·

188 1930 225 1977 Spe
233 1927 312 1965 brevius
320 1928 400 1965 montiis
409 1928 509 1977 apetiam
519 1929 574 1966 mets.
723 1942 804 1988 neus,
814 1933 840 1975 et
851 1942 895 1975 sex
907 1920 949 1974 aiii
958 1939 965 1972 ε
974 1922 1173 1988 moxflommam
1181 1919 1242 1985 pri-

165 2000 210 2054 sic
223 2001 251 2053 in
264 2001 333 2053 Fast.
348 2000 389 2053 tib.
402 2001 453 2067 1V,
466 2001 531 2074 659:
723 2022 767 2056 ma
778 2002 875 2069 editio,
885 2020 947 2055 cum
959 2001 1041 2054 tribus
1052 1998 1170 2068 scriptio
1179 2015 1242 2049 non

164 2086 249 2136 Expedit
258 2096 354 2124 amntem
362 2087 436 2125 nemori
448 2088 557 2137 goutte-'um
564 2089 645 2138 conjux.
716 2083 847 2151 flammas.
859 2080 960 2132 HEINS.

167 2159 247 2214 Certe
269 2160 409 2214 Vaticanus
433 2180 522 2228 unus,
541 2168 675 2231 excipiam.
757 2159 1178 2227 810.Se'quoestr'oterutrumque,
1190 2175 1244 2208 no-

167 2241 319 2294 Hasniensis
332 2261 387 2294 non
398 2242 466 2296 male
476 2283 484 2307 ,
495 2246 613 2297 erudiere.
626 2246 662 2298 H.
725 2247 772 2292 cet.
783 2241 854 2291 Inter
862 2245 992 2305 utramque
998 2237 1065 2289 bene
1072 2233 1161 2302 scripti
1172 2252 1245 2301 qua-

199 2318 256 2370 805.
268 2322 677 2386 muoparantamtnos.1taonom
727 2329 795 2371 tuor.
807 2315 861 2370 Sed
875 2327 901 2369 et
913 2317 983 2368 inter
994 2321 1120 2381 utrumque
1127 2309 1245 2363 defendi

167 2393 226 2446 tibri
244 2395 362 2466 plerique
379 2409 497 2465 veteres,
510 2417 572 2451 cum
591 2399 678 2468 prima
727 2396 785 2464 jure
799 2404 894 2464 potest.

169 2472 292 2527 editione.
307 2476 390 2529 loru.
760 2474 817 2525 811.
835 2475 892 2525 Hoc
907 2490 971 2540 opus
989 2474 1068 2538 exegi.
1086 2469 1156 2521 Ecce
1176 2488 1246 2536 opus

202 2551 259 2604 806.
280 2555 448 2622 [astupeant.
462 2553 563 2621 iidem,
577 2557 615 2608 ΕΙ
624 2563 678 2609 stu·
728 2550 826 2604 malim·
841 2551 942 2605 limes.

167 2637 252 2694 peont.
262 2631 361 2686 Herus.
376 2634 415 2686 lta
423 2643 449 2685 et
458 2632 557 2686 Douza.
567 2636 620 2687 Fac
626 2642 680 2687 stu·
755 2629 811 2682 813.
818 2631 953 2682 Postmodo
960 2624 1180 2695 reddatis.Scripti
1187 2626 1246 2680 fere

166 2717 256 2775 peont,
274 2710 407 2768 Leidensis
420 2722 448 2765 et
459 2712 512 2765 duo
523 2712 565 2765 atii
576 2733 582 2767 :
593 2715 678 2780 sorte,
728 2726 890 2761 omuescum
899 2705 1249 2770 vetustiseditionibusmd·

171 2806 204 2839 oc
214 2794 338 2857 stupeant.
728 2791 801 2841 dete's.
813 2788 909 2855 Forte,
926 2789 978 2840 Vos
987 2789 1062 2841 modo
1070 2788 1196 2839 reddatis.
1206 2786 1249 2840 lu.
