2798 4702
217 334 283 400 338
504 336 544 408 P.
571 335 749 404 OVIDII
774 337 1003 412 NASONIS

217 472 357 571 Quaere,
372 501 492 547 novem
510 501 570 546 cur
586 473 650 549 isse
667 475 736 550 rias
753 476 903 568 dicatur3
918 498 953 556 et
969 482 1064 559 audi·

263 589 436 690 Depositis
453 588 552 663 silvas
570 589 724 690 Phyllida
740 591 834 669 llesse
853 597 968 671 comis.

214 710 261 781 At
277 706 397 781 samam
411 688 547 808 pietatis
564 707 688 796 habet3
704 725 815 784 tomen
832 711 957 815 hospes
975 734 1009 790 et
1024 745 1138 794 ensem

262 824 429 911 Praebuit,
445 839 479 896 et
495 851 626 898 cansam
643 825 781 915 mortis,
799 825 928 917 Elissa,
944 848 1018 907 tuae.
1254 866 1291 935 4⁰

213 942 306 1041 Quid
323 968 384 1014 vos
401 940 598 1041 perdiderit,
616 939 746 1015 dicam:
766 946 920 1019 nescistis
938 976 1056 1024 amare.

259 1056 376 1131 Defuit
391 1083 444 1128 ars
462 1055 579 1128 vobis:
598 1073 668 1129 arte
684 1077 849 1157 perennat
865 1089 968 1135 amor.

209 1177 308 1249 Nunc
327 1200 461 1273 quoque
479 1170 662 1258 nescirent;
679 1171 738 1246 sed
755 1202 807 1248 me
826 1175 990 1277 Cytherea
1008 1179 1126 1258 docere

256 1289 380 1376 Jussit,
398 1305 433 1362 et
449 1304 525 1361 ante
543 1284 660 1361 oculos
678 1290 833 1363 constitit
848 1291 922 1393 ipsa
937 1323 1041 1370 meos.

206 1408 295 1480 Tum
312 1404 411 1492 mihi,
428 1402 510 1503 quid
526 1403 672 1491 misere,
692 1403 795 1494 dixit,
813 1436 962 1486 meruere
979 1413 1127 1514 puellae?

253 1522 412 1596 Traditur
428 1520 562 1592 armatis
580 1518 700 1615 vulgus
718 1520 843 1598 inerme
862 1526 951 1600 viris.

206 1636 288 1711 lllos
306 1635 447 1709 artifices
466 1635 589 1730 gemini
605 1635 711 1710 fecere
728 1635 855 1712 libelli:

254 1754 334 1825 Haec
351 1779 484 1851 quoque
499 1779 577 1851 pars
594 1752 732 1826 monitis
750 1755 932 1830 erudienda
949 1760 1027 1834 tuis.

203 1870 333 1944 Probra
348 1869 561 1969 Therapnaeae
578 1869 636 1969 qui
654 1868 782 1945 dixerat
799 1890 874 1948 ante
889 1875 1032 1965 maritae,

233 2071 273 2141 37.
294 2072 495 2135 (intrusorem
512 2073 625 2122 carim
643 2074 713 2123 vr'ces
761 2072 803 2124 die
810 2072 906 2124 licitur
912 2073 1002 2127 novies
1010 2078 1050 2127 ad
1054 2079 1117 2130 Idus
1124 2089 1276 2149 cucurrisse,

199 2153 312 2208 dicatur,
325 2154 352 2200 el
358 2150 427 2199 andi.
438 2146 477 2198 Er
489 2146 541 2199 suis
553 2146 624 2200 libris
634 2146 712 2200 easti-
760 2150 905 2217 quodem
916 2136 1025 2212 ἑννὶαδος
1034 2172 1113 2220 grece
1123 2159 1278 2224 adpellalur.

200 2229 269 2300 gavit
277 2227 309 2280 ad
317 2224 496 2280 Claudianum
507 2226 592 2280 Jonus
601 2225 712 2280 Parrha·
760 2220 797 2281 Et
808 2226 844 2280 sie
862 2228 933 2282 locus
946 2228 967 2282 is
981 2230 1062 2283 etiam
1072 2232 1206 2305 Hesychio
1220 2240 1277 2293 ael-

111 2320 115 2327 ·
197 2307 250 2361 sius
264 2306 307 2360 lib.
318 2306 330 2358 l
340 2305 373 2358 de
382 2304 460 2374 Rape.
473 2305 526 2357 1³5.
538 2304 653 2374 Regius,
666 2323 712 2357 cur
758 2302 886 2371 pellatur,
899 2324 982 2374 quum
990 2305 1044 2361 aliis
1052 2294 1123 2363 ἐννὶα
1132 2301 1192 2367 ὁδοὶ
1200 2312 1278 2368 dica.

196 2406 249 2440 una
264 2390 334 2438 vr'ccs
347 2388 480 2448 ds'cantm
493 2393 519 2436 et
536 2380 708 2434 emendatum
758 2386 819 2447 tur,
833 2392 862 2435 ut
874 2381 927 2449 jam
940 2382 1066 2438 vidimus:
1078 2397 1155 2455 atque
1167 2389 1202 2442 ita
1217 2401 1275 2448 tam

197 2475 298 2536 postea,
308 2484 413 2517 cetuna
422 2467 491 2515 vr'ces
500 2466 709 2529 1‘lere'ssel:quo-
757 2457 786 2511 in
795 2459 914 2532 Hygino,
921 2482 1001 2532 quam
1015 2465 1157 2538 Hesychia,
1166 2468 1275 2525 videtur

196 2545 278 2599 modo
290 2544 397 2615 plurimi
412 2563 443 2596 ex
456 2542 571 2612 scriptis:
584 2552 654 2609 tres,
664 2563 711 2596 cnr
757 2539 953 2610 corrigendum.
965 2542 1065 2596 Hmns.

194 2647 248 2681 rena
261 2631 330 2679 vs'ces
348 2631 483 2678 iterasset:
495 2642 580 2690 unus,
594 2642 641 2676 cur
656 2642 709 2676 nna
790 2622 831 2687 4²·
851 2624 923 2689 Quid
939 2642 985 2677 vos
1001 2626 1156 2691 perdiderit,
1177 2631 1270 2682 dream.

194 2711 265 2758 autes
270 2709 309 2756 sic
317 2706 397 2755 isset:
406 2701 490 2771 prima
502 2698 583 2753 editio
592 2719 654 2753 cum
664 2719 708 2753 sex
757 2700 822 2755 Post
832 2702 904 2757 hune
912 2724 1016 2757 versum
1024 2704 1051 2757 in
1061 2706 1145 2774 prima
1153 2707 1270 2764 editione

192 2781 308 2851 seriptis,
318 2798 489 2848 querenorem
497 2781 596 2831 or‘cr'bus
604 2798 708 2833 curura
756 2779 903 2834 addebatur
910 2780 1038 2834 distichon
1047 2783 1175 2838 insulsum
1185 2797 1267 2853 certe,

186 2862 305 2929 seratur:
315 2876 384 2909 unus
392 2896 400 2924 ,
408 2875 455 2908 cur
462 2875 515 2908 nna
521 2860 590 2909 vices
591 2857 707 2924 seratur:
755 2865 783 2909 et
794 2876 909 2926 nequam
922 2859 1072 2927 nugator-is:

193 2941 257 2995 aliu,
266 2980 273 3008 ,
289 2958 370 3007 pum
378 2955 466 2989 novem
475 2941 544 2988 vices
551 2955 597 2989 m
605 2956 656 2988 mm
670 2944 709 2990 lep
754 2940 927 2990 Quidtibidivitin·
933 2941 1205 2997 prosunt‘lquidlormslguid
1210 2948 1268 2986 ntes'

192 3027 258 3074 isset
271 3039 279 3071 :
292 3016 337 3071 sed
356 3015 426 3069 solus
444 3013 526 3067 codex
544 3013 642 3084 Regius
663 3015 705 3069 hic
778 3014 1155 3055 ¹¹⁰⁸¹³⁰¹“munitmweretntus

193 3095 358 3161 audiendus,
380 3093 425 3162 qui
436 3091 513 3144 nobis
531 3092 601 3144 inter
619 3101 704 3146 tantas
752 3085 808 3139 Pru
819 3091 871 3139 lale
884 3087 1010 3141 Heinsius
1023 3091 1130 3157 putabat
1138 3095 1214 3145 molle
1222 3091 1265 3146 de·

191 3173 375 3228 fluctuationes
383 3168 704 3242 Cynosuraest.Ejusves·
752 3163 819 3218 disse
839 3165 1074 3235 interpolatorem:
1087 3179 1158 3223 certe
1175 3189 1264 3225 versus

190 3253 259 3324 tigiis
272 3250 410 3317 insistens,
421 3248 471 3302 levi
483 3247 630 3301 mutatione
651 3268 702 3319 ge·
751 3241 897 3314 elegantior·
908 3245 997 3298 exiret.
1012 3246 1111 3299 Burin.

192 3333 320 3397 nuinam,
332 3329 382 3382 nisi
396 3326 486 3388 fallor,
498 3325 639 3379 lectionem
652 3324 703 3379 ha-
783 3324 823 3394 49
834 3326 931 3377 Probra
948 3327 1105 3393 Therapnae
1117 3337 1165 3380 ete.
1178 3327 1262 3383 Stesi-

189 3409 278 3476 bebis,
290 3409 312 3462 si
320 3425 368 3477 pro
380 3404 420 3459 his
428 3445 435 3472 ‚
444 3407 649 3463 or‘cesdr'canlur,
660 3422 700 3456 re·
749 3399 862 3456 eborum
871 3415 978 3473 poetam
987 3403 1119 3475 designat,
1129 3426 1209 3475 quem
1222 3408 1262 3460 se-

186 3508 286 3560 ponas,
306 3505 385 3556 quere
395 3502 481 3537 novem
492 3501 538 3534 cur
546 3501 598 3533 una
606 3488 653 3533 mie
661 3485 701 3533 da·-
749 3490 823 3546 runt,
830 3500 913 3550 quum
923 3481 1081 3534 maledicum
1089 3483 1116 3535 in
1127 3482 1260 3536 Helenam

186 3578 276 3630 catur,
290 3566 331 3620 vel
341 3568 473 3618 dr'canlur:
482 3579 530 3614 cur
542 3578 640 3613 novem
652 3561 700 3617 vias
748 3577 855 3612 carmen
865 3571 891 3613 et
899 3561 1121 3614 contumeliosum
1132 3562 1259 3631 conserip-

188 3644 367 3715 adpellentur,
376 3658 435 3711 quse
445 3657 497 3691 una
509 3647 547 3691 est
558 3638 607 3691 via.
618 3638 699 3693 Adlu·
747 3637 820 3693 sisset
830 3679 837 3705 ,
847 3639 948 3693 tamdiu
961 3641 1041 3694 oculis
1052 3653 1158 3711 captum
1171 3643 1258 3710 fuisse,

188 3721 227 3774 dit
244 3721 276 3775 ad
293 3723 379 3775 vicum
395 3719 424 3771 in
436 3717 565 3784 Thracia,
578 3716 622 3787 qui
635 3717 698 3771 inde
747 3719 833 3788 quoad
844 3740 891 3790 per
901 3723 1035 3774 somnium
1047 3724 1208 3775 Paleisode'am
1220 3742 1259 3775 re-

187 3800 272 3856 dictus
282 3791 353 3856 ἐννὶα
364 3806 463 3878 dyo‘psr,
477 3810 567 3869 postea
579 3799 698 3869 Amphi·
746 3799 857 3852 cantauit
865 3838 872 3865 ,
880 3799 1065 3867 cujusquidem
1074 3800 1178 3853 initium
1188 3801 1257 3866 apud

186 3879 269 3948 polis,
284 3883 358 3950 eujus
374 3878 513 3949 geographi
526 3879 619 3948 passim
633 3899 697 3931 me·
746 3876 886 3929 Platonem
899 3876 984 3946 legere
994 3887 1048 3942 est,
1062 3876 1089 3927 in
1101 3878 1197 3929 Pdaedr.
1209 3876 1256 3928 sed

186 3957 331 4009 minerunt.
355 3957 479 4029 Hyginus
497 3957 559 4010 Fab.
579 3973 642 4024 ux,
663 3957 696 4010 de
744 3973 803 4007 rem
814 3954 855 4007 alii
866 3954 1013 4008 fabulosius.
1026 3953 1128 4007 Claruit
1138 3962 1227 4005 autem
1241 3974 1255 4007 a

185 4034 306 4104 Phyllide
319 4046 345 4089 et
357 4034 579 4105 Demophoonte:
594 4037 697 4102 Ouidio
745 4032 1007 4106 xxxt'110lymp.ad
1025 4050 1070 4086 avr
1087 4053 1186 4101 usque,
1202 4055 1254 4105 qua

183 4116 329 4177 (onslr’lula,
340 4131 413 4179 quum
425 4131 474 4164 nors
484 4115 656 4177 denitunam
667 4114 705 4164 σθ’
744 4111 868 4177 decessio
883 4112 954 4166 unde
969 4112 1112 4181 colligimus
1130 4112 1206 4166 illum
1220 4113 1253 4168 sd
