2798 4702
336 339 566 406 AMORUM
596 341 625 406 I.
654 339 803 408 ELEG.
830 341 938 411 XIV.
1134 343 1177 416 63

118 484 193 582 lpse
210 478 319 551 Dedm
338 477 487 572 genitor,
508 507 549 551 ne
568 495 599 551 te
618 496 685 551 tam
698 505 784 578 sape
801 478 940 566 videret,
1146 505 1180 572 4⁵

169 595 344 670 Commisit
361 613 476 669 noctes
493 595 528 666 in
546 622 604 667 sua
622 611 699 667 vota
716 594 809 667 duas.

119 711 235 804 Jurgia
253 708 400 795 finieram
416 739 423 782 :
442 709 542 782 scires
560 708 707 796 audisse;
724 710 889 799 rubebat;

73 824 76 829 ’
168 828 236 899 Nec
254 841 363 898 tamon
379 823 515 898 adsueto
535 824 660 898 tardior
679 841 751 897 orta
767 824 846 898 dies.

121 1018 167 1064 est.
188 1010 227 1063 lta
245 1009 341 1080 legitur
360 1008 455 1079 vulgo,
474 1019 501 1062 et
520 1009 626 1079 exponit
707 1008 746 1074 Ala
760 1011 893 1063 comta
902 1013 990 1061 noctes
1000 1010 1072 1061 duas.
1085 1007 1109 1062 E
1120 1008 1184 1064 dua·

121 1087 379 1153 itaCommentator,
393 1090 447 1140 Nec
458 1094 503 1140 Ira
514 1086 626 1157 (scilicet
674 1084 722 1139 bus
742 1104 822 1139 unam
838 1086 932 1139 ellecit.
950 1112 984 1126 ·-
1001 1088 1033 1139 In
1050 1106 1098 1139 sua
1114 1096 1181 1142 vota.

122 1165 246 1236 Aurora)
254 1166 343 1234 frama
352 1172 395 1219 est
410 1169 521 1219 secanda
535 1168 626 1218 allius:
675 1162 740 1232 Quo
748 1163 918 1234 longiuscum
928 1164 1053 1218 Alcmene
1061 1184 1183 1219 commo-

120 1244 171 1298 hoc
182 1254 236 1309 est,
259 1254 287 1296 tu
299 1262 371 1312 aeque
384 1243 490 1313 pulchra
506 1263 533 1295 es
549 1252 625 1312 atque
674 1250 784 1292 raretur.
796 1240 861 1293 Jure
869 1240 949 1310 igitur
956 1241 1036 1295 Sosiae
1045 1242 1182 1296 ridebatur

120 1322 170 1375 illa.
184 1322 253 1391 Quae
262 1321 386 1391 expositio
396 1340 450 1373 non
462 1319 565 1373 videtur
576 1340 627 1374 res·
674 1338 705 1371 ea
716 1337 784 1385 nox,
796 1338 829 1371 err
839 1322 1031 1388 languentem
1037 1326 1161 1390 porcille!

121 1398 237 1468 pondere
248 1398 445 1468 expostulationi
455 1418 462 1452 τ
473 1418 627 1468 namquum
707 1400 746 1467 47.
764 1399 889 1451 ualebat.
907 1398 961 1452 Pro
978 1418 1052 1452 more
1070 1401 1183 1468 Noster,

121 1486 196 1544 poeta
210 1477 237 1529 iu
251 1477 382 1529 Auroram
399 1476 551 1542 invehatur,
564 1496 627 1530 ma·
675 1483 720 1526 aut
737 1472 835 1528 lascivia
851 1476 937 1545 potius
950 1476 1047 1547 ingenii
1066 1477 1098 1532 ad
1112 1479 1184 1534 istius

121 1553 159 1623 gis
170 1553 340 1607 conveniebat
357 1554 425 1606 illam
438 1554 579 1624 vituperari
596 1555 627 1608 ab
675 1550 750 1604 modi
768 1552 838 1606 lusus
856 1553 1032 1624 proclivioris,
1051 1556 1184 1611 Auroram

68 1659 74 1668 ·
121 1631 184 1696 illo,
205 1649 285 1700 quam
301 1630 409 1683 laudari.
429 1631 527 1702 Legere
540 1632 627 1701 itaque
676 1628 738 1682 dicit
746 1634 845 1693 rubere,
856 1632 929 1701 quasi
938 1633 1115 1688 conviciorum
1126 1655 1184 1703 quoe

123 1708 212 1761 malim
220 1748 228 1772 ,
237 1710 292 1762 Nec
298 1708 453 1777 r'lliusfoma
458 1712 570 1763 secunda
577 1717 628 1763 tna
677 1707 824 1776 audiverat,
837 1709 1028 1780 eampuderet;
1037 1711 1101 1765 dum
1113 1717 1187 1766 rude!

124 1792 180 1847 cst,
200 1796 230 1838 ut
240 1795 315 1854 poeta
327 1785 445 1840 videatur
458 1787 568 1840 Aurora
579 1787 629 1840 ob-
677 1795 781 1838 tantum
791 1787 873 1855 quia«
881 1792 957 1841 rulilo
964 1790 1185 1858 patefecitalortu

124 1865 203 1932 jicere
214 1863 360 1934 exemplum
370 1864 461 1931 Luna,
468 1883 536 1934 quae,
545 1884 628 1937 quum
678 1863 827 1933 Purpureas
834 1867 910 1920 sores.
920 1889 933 1914 κ
947 1869 1020 1940 Virg.
1032 1896 1065 1910 -
1076 1873 1131 1928 Nec
1142 1877 1185 1923 te-

124 1960 181 1993 non
189 1942 271 1994 forma
278 1943 406 2009 vincatur,
414 1952 503 1995 umen
516 1943 629 2014 patiatur
677 1964 740 1996 men.
753 1944 923 2014 Quamquam
932 1951 1050 2011 rubuerit,
1058 1968 1115 2002 non
1124 1948 1185 2003 ideo

119 2019 227 2087 juvenes
234 2029 260 2072 et
270 2025 386 2072 amantes
395 2022 508 2072 lomr’re.
678 2026 762 2074 lamen
774 2022 850 2076 solito
861 2028 958 2078 tardius
974 2033 1031 2079 orla
1040 2030 1104 2093 ¹dies.

125 2162 1188 2198 Q

469 2273 704 2361 ELEGIA
732 2278 854 2364 xlv,

422 2609 460 2646 alt
478 2608 607 2649 nuntiant
626 2608 754 2649 aarum
774 2607 893 2647 CALVAU.

127 2717 367 2830 DICEBAM,
386 2741 504 2817 desiste
523 2761 600 2818 tuos
616 2744 777 2820 medicare
793 2740 950 2845 capillos:

167 2948 187 2978 ι,
203 2929 307 2979 Desiste
318 2933 375 2980 tuos
385 2928 508 2981 medr'care
519 2932 634 2996 capillos.
682 2932 772 2982 rutilus
791 2938 857 2982 esset
875 2927 961 2982 crinis
971 2949 984 2974 ι
1009 2929 1081 2982 cinis
1100 2941 1188 2986 eutem

132 3004 275 3076 cynthiam
284 3006 635 3079 quoqueiucrepatl’ropert.
682 3025 735 3076 quo
747 3006 911 3060 iusucabatur
922 3005 1089 3077 capillitium,
1106 3019 1190 3063 utru-

131 3101 168 3151 11,
183 3083 253 3153 Eleg.
262 3101 324 3150 rw,
338 3088 368 3137 25
377 3104 432 3154 sqq.
450 3083 520 3154 quod
528 3095 636 3140 externo
683 3084 784 3146 filaret,
794 3103 849 3135 non
858 3084 879 3136 is
887 3084 930 3152 qui
940 3103 954 3136 e
964 3082 1041 3151 locis,
1051 3097 1190 3140 consumto

130 3177 206 3235 caput
222 3166 306 3218 nitore
324 3166 456 3236 tingeret,
479 3176 507 3218 et
527 3186 573 3219 om
588 3186 635 3221 ro-
682 3160 973 3230 lign0,colligitur;sed
981 3162 1025 3230 qui
1033 3182 1063 3215 ex
1071 3183 1191 3234 expresso

129 3264 205 3296 mna
217 3244 326 3313 turpiter
336 3244 423 3298 colore
435 3247 532 3312 belgico
543 3244 636 3300 infice-
684 3238 862 3306 desiccatoqne
869 3238 1009 3292 herbarum
1017 3242 1191 3310 quarumdam

129 3331 177 3373 ret.
193 3321 263 3373 Nam
274 3340 352 3391 supra
362 3320 442 3376 fidem
454 3321 535 3375 libido
546 3315 636 3375 roma-
682 3334 759 3370 succo
779 3315 986 3384 conficiebatur,
1013 3337 1046 3371 eo
1063 3322 1117 3373 sere
1137 3340 1191 3391 quo

129 3419 176 3452 nas
187 3409 319 3452 matronas
328 3401 457 3453 invaserat
467 3400 552 3454 crines
560 3403 635 3453 medi·
684 3393 752 3463 apud
766 3412 814 3447 1¹⁰⁵
827 3393 924 3463 modo,
942 3400 967 3447 le
981 3402 1082 3464 pasta,
1101 3399 1192 3468 pastel-

128 3479 214 3538 candi,
225 3486 254 3529 ut
262 3476 368 3529 rutilum
373 3477 488 3531 colorem
496 3479 634 3541 referrent,
682 3471 746 3525 lum.
759 3472 1046 3527 Cinemiidicebantur
1055 3475 1087 3540 ii,
1101 3476 1145 3543 qui
1157 3481 1193 3527 cr'·

129 3556 173 3623 qui
181 3555 285 3607 nativus
297 3555 383 3625 Belgis
392 3595 400 3623 ,
410 3556 557 3614 Britannis.
572 3556 636 3610 etiis
683 3571 767 3605 neren
773 3550 999 3622 huncparandum
1007 3561 1191 3620 curarent,pa·

129 3633 636 3704 omnibuspopulis‚quiSeptentrionem
684 3641 823 3699 ratumque
839 3630 935 3699 capillis
953 3628 1144 3694 infunderent,
1164 3638 1192 3681 et

129 3730 217 3765 versus
228 3723 316 3781 agunt.
330 3711 382 3765 sed
392 3731 495 3766 morem
506 3712 577 3766 hunc
587 3713 636 3765 tin·
685 3708 729 3777 qui
736 3708 885 3761 calamistris
895 3707 921 3758 in
930 3712 1012 3758 cinere
1019 3705 1145 3758 calefactis
1152 3724 1191 3759 ca·

130 3789 207 3858 pendi
217 3790 320 3859 capillos
332 3791 417 3843 multo
428 3801 488 3844 ante
502 3790 569 3860 apud
580 3790 637 3844 Ro·
685 3795 732 3855 put
742 3783 910 3837 adornabant.
928 3783 1038 3852 Egregie
1050 3781 1193 3836 'l'ertullia-

130 3885 219 3919 11121128
231 3868 338 3938 viguisse
349 3910 357 3935 ‚
368 3888 448 3938 quam
458 3868 491 3921 de
499 3869 586 3939 Belgis
595 3867 637 3921 rel
685 3882 735 3915 nus
748 3865 797 3928 (de
815 3864 889 3913 Cultu
895 3858 1007 3929 semin.)
1018 3858 1150 3913 invehitur
1164 3861 1193 3924 in

130 3944 262 3999 Britannis
274 3945 430 4007 audiissent,
446 3947 516 4000 testis
529 3945 597 3999 Cato
608 3946 637 3998 in
686 3958 789 3995 morem
797 3938 868 3992 hunc
879 3938 999 4009 capillos,
1012 3938 1043 3992 ad
1055 3938 1137 3993 instar
1148 3959 1193 3993 ex-

131 4022 279 4091 originibua
292 4019 454 4090 «Mulieres,
465 4025 551 4092 inquit
559 4063 566 4088 ‚
575 4041 638 4076 nos-
685 4030 822 4073 ternarum
832 4018 958 4087 gentium.
968 4017 1101 4089 pingendi.
1113 4040 1126 4064 o
1137 4018 1192 4071 Vi-

133 4109 178 4152 trae
185 4101 306 4169 capillum
313 4100 638 4174 cr'nereinungitabant,ut
687 4098 737 4151 deo
756 4096 881 4167 quasdam
890 4136 898 4165 ‚
911 4097 1010 4167 inquit,
1029 4106 1056 4149 et
1071 4096 1192 4166 capillum
