2798 4702
174 340 236 386 aoo
453 319 492 384 P.
522 319 701 389 OVIDII
725 320 950 394 NASONIS

173 456 360 552 «Colligor
378 484 417 530 ex
434 458 510 558 ipso
528 458 672 534 domiuae
686 460 849 562 placuisse
867 463 1033 565 sepulcro

221 575 292 649 Ora
306 571 396 648 fuere
412 573 495 646 mihi
512 573 589 675 plus
606 604 663 648 ave
682 575 779 650 docta
796 577 900 680 loqui.
924 613 941 646 »

202 768 244 822 da.
259 770 370 836 Colligor
376 786 411 820 et
421 772 477 835 a'pso
487 773 536 820 etc.
546 765 577 819 Id
589 776 637 834 est,
648 788 680 821 ex
728 782 818 825 cecant
830 771 945 829 hominis
956 774 1058 844 potius,
1077 793 1155 844 quam
1176 778 1235 830 avis

169 846 222 900 hoc
237 846 310 917 ipso,
329 865 408 916 quem
420 845 485 898 milri
496 845 591 899 dicavit
603 886 611 913 ,
630 856 680 899 tu·
729 850 898 903 Postremum
910 851 960 904 hoc
971 851 1097 906 distichon
1110 853 1141 905 ab
1153 854 1236 907 aliena

169 923 244 978 mulo
264 928 387 992 colligas.
406 923 528 993 conjicias
550 933 680 992 quantum
728 945 810 980 manu
820 928 932 983 Heinsio
942 929 1077 982 videbatur
1090 931 1237 994 intrusum

170 1000 285 1056 domina
297 1002 446 1075 placuerim.
458 1028 491 1041 -
503 1002 621 1068 Omplus
632 1021 681 1054 aas
729 1015 755 1057 et
765 1003 844 1058 habet
855 1005 1056 1075 quidem‚unde
1069 1007 1157 1063 firmet
1168 1008 1238 1065 doc-

169 1084 248 1136 docta
257 1087 341 1153 loqui:
353 1102 411 1153 quse
421 1101 499 1137 sonos
515 1081 596 1136 edere
609 1081 680 1135 didi·
729 1082 821 1136 tissimi
831 1084 880 1136 viri
891 1085 1080 1154 conjecturam.

184 1271 1239 1304 m

514 1429 762 1515 ELEGIA
787 1431 900 1516 Vll.

175 1777 213 1817 M)
224 1774 375 1817 comm!
385 1779 392 1814 :
403 1773 496 1815 1(de
509 1774 604 1815 uma!
617 1777 671 1816 sm
684 1777 746 1817 GU!
761 1778 870 1819 CYPASSI
883 1780 980 1819 101881
992 1780 1239 1821 ΟΟΕδῦῑΐῦῦΙΜΙί.
1282 1782 1287 1793 ’

174 1927 309 2031 ERGO
326 1982 387 2048 ego
406 1952 567 2027 sufficiam
583 1983 659 2028 reus
675 1955 712 2027 iu
727 1983 814 2029 nova
831 1956 968 2030 crimina
985 1957 1139 2056 semper?

222 2073 271 2144 Ut
287 2071 431 2156 vincam,
448 2069 549 2144 toties
564 2070 752 2145 dimicuisse
768 2072 870 2173 piget.

176 2185 251 2260 Sive
267 2212 330 2278 ego
347 2185 521 2257 marmorei
539 2185 668 2285 respexi
684 2214 810 2258 summa
829 2185 967 2272 theatri;

224 2298 363 2394 Eligise
381 2297 511 2385 multis,
529 2300 618 2373 unde
637 2299 749 2374 dolere
766 2298 855 2373 velis.

179 2415 328 2492 Candida
346 2443 404 2489 seu
423 2416 523 2488 tacito
541 2444 593 2489 me
610 2414 693 2487 vidit
709 2414 831 2488 semina
846 2413 959 2502 vultu;

226 2536 268 2607 ln
285 2532 379 2606 vultu
398 2532 514 2606 tacitas
531 2533 642 2628 arguis
660 2559 730 2605 esse
748 2549 855 2605 notas.

178 2649 215 2722 Si
232 2676 331 2749 quam
346 2644 495 2734 laudavi,
517 2649 656 2722 miseros
672 2647 758 2748 petis
775 2674 886 2741 ungue
904 2643 1064 2745 capillos:

207 2858 229 2892 a.
238 2839 411 2905 Ergoegoetc.
419 2834 564 2888 Exordium
571 2839 684 2896 abr'rato,
735 2834 839 2904 culpam
848 2835 875 2886 in
885 2832 948 2886 alios
959 2844 1043 2887 tentet
1055 2834 1247 2897 transmittere3

179 2928 209 2971 ut
219 2935 296 2969 reum
309 2914 436 2978 decebat,
460 2913 505 2982 qui
515 2912 687 2965 innocentem
735 2913 822 2980 sicque
846 2908 957 2964 Ovidius
986 2911 1119 2983 aelotypiae
1142 2913 1245 2964 Corin-

179 2994 270 3048 haberi
281 3013 308 3046 se
320 2989 628 3061 cupiebat-Sufficiam.
641 2989 688 3042 So
737 3006 799 3040 nam
812 2988 915 3057 arguit,
937 2989 1011 3053 cujus
1030 2988 1143 3058 amplam
1160 3001 1245 3054 certe,

180 3073 256 3126 lusus
281 3088 330 3139 ego
353 3087 451 3121 novam
471 3086 575 3137 semper
600 3068 689 3121 amicae
737 3084 787 3119 nec
797 3064 935 3117 honestam
948 3066 1017 3130 satis,
1026 3086 1130 3119 causam
1139 3066 1174 3119 illi
1183 3086 1246 3135 sup-

182 3148 333 3203 criminanti
343 3147 481 3200 materiem
494 3147 615 3217 praebebo
626 3187 633 3214 ,
646 3167 691 3200 re·
738 3152 846 3213 peteret
856 3143 993 3194 -Suanma
1003 3145 1102 3195 theatri.
1113 3144 1165 3197 Hic
1173 3145 1246 3196 enim

184 3226 350 3281 nascentibus
356 3226 440 3296 poenis
446 3225 513 3279 male
522 3224 690 3278 soecundam?
738 3219 863 3274 sedebant
878 3220 1020 3286 mulieres,
1044 3221 1159 3274 scenicos
1170 3221 1245 3275 ludos

181 3299 222 3356 Ea
233 3304 304 3357 enim
317 3304 354 3356 vis
365 3342 372 3369 ‚
385 3321 522 3367 eoseum,
534 3301 605 3354 verbi
617 3301 691 3370 suffi-
738 3309 898 3368 spectatura.

182 3400 247 3434 cere.
256 3380 380 3447 Servius,
392 3379 425 3432 ad
437 3379 533 3448 Georg.
548 3378 645 3443 lib.111,
659 3380 689 3444 4,
772 3379 795 3428 5.
819 3377 909 3428 Tacito
927 3394 966 3426 me
980 3375 1152 3442 vr’ditfimsisa
1168 3379 1247 3429 vultu.

182 3456 330 3531 Eurysthea
337 3461 426 3510 durum
432 3455 578 3525 adpettavic,
587 3456 631 3523 qui
640 3473 689 3524 po·
739 3453 890 3509 Referenda
902 3453 957 3507 haec
968 3459 1047 3506 tacito
1053 3458 1131 3515 vultu,
1140 3453 1172 3507 ad
1179 3452 1248 3507 Ovi-

182 3536 233 3589 tuit
240 3533 466 3604 adcomplendum
472 3551 592 3587 novercae
598 3531 690 3585 odium
739 3533 821 3586 dium.
832 3532 863 3584 Si
875 3533 952 3597 sorte,
966 3533 1060 3601 inquit,
1072 3536 1184 3586 candriia
1193 3551 1245 3595 me,

182 3613 306 3682 sufficere.
738 3613 852 3664 formosa
863 3610 958 3662 mulier
971 3611 1097 3679 respexit,
1112 3608 1193 3678 (quod
1203 3610 1246 3661 in·

218 3711 240 3742 2.
260 3693 297 3742 U!
308 3696 408 3744 asiacam
425 3700 474 3744 etc.
498 3689 690 3758 Interpretatur
739 3689 793 3741 vito
806 3697 890 3758 potest
902 3687 1026 3752 evenire)
1037 3688 1083 3740 etsi
1092 3693 1180 3740 taceat
1190 3685 1248 3736 vul-

183 3766 323 3839 Micyllus,
337 3781 362 3823 et
374 3780 444 3823 recte
453 3768 560 3838 quidem
573 3766 690 3820 :etiamsi
739 3778 791 3832 tus,
801 3767 828 3819 iu
839 3766 888 3819 hoc.
895 3766 950 3835 ipso
962 3765 1065 3818 silentio
1076 3771 1160 3825 notas,
1173 3764 1247 3833 signa

183 3849 284 3896 vincam
312 3857 339 3899 et
358 3848 513 3912 obtineam,
534 3857 622 3899 tamen
645 3864 689 3897 me
739 3843 1243 3914 deprehendis,qusemutuumamorem

184 3920 266 3991 pudet
275 3921 515 3977 totiescontcndere
523 3945 552 3976 ac
559 3924 689 3976 dimicare.
739 3942 799 3976 cum
812 3922 861 3975 hac
873 3922 970 3974 semina
983 3929 1101 3991 arguant.

217 3998 240 4050 3.
252 3999 309 4049 di'ae
320 4018 365 4066 ego
379 4007 513 4054 mamerti
520 4013 568 4053 etc.
579 4003 640 4054 Mos
651 4010 690 4055 est
772 4022 794 4071 7.
807 4002 919 4069 Siquam
928 4002 1037 4052 laudari.
1051 3998 1178 4051 Francius
1190 4018 1247 4051 nu-

183 4085 232 4144 nt,
243 4075 288 4144 qui
298 4076 380 4145 culpo
391 4078 439 4130 sibi
452 4079 499 4147 ipsi
509 4080 626 4134 conscius
637 4089 689 4146 cst,
738 4079 865 4132 morosius
877 4078 997 4147 putabat,
1011 4078 1122 4145 Sr'pusm
1133 4097 1180 4147 ego
1191 4083 1248 4130 lau·
