2798 4702
206 380 248 425 ao
485 357 526 422 P.
557 355 736 425 OVIDII
765 356 992 426 NASONIS

252 496 430 592 Pugnabat
446 496 558 569 tunica
576 494 634 568 sed
651 511 761 570 tamen
777 494 834 570 illa
852 496 929 593 tegi.

203 618 383 715 Quumque
399 615 447 687 ita
462 631 643 714 pugnaret,
664 630 831 713 tamquam
846 641 919 714 quae
932 614 1062 690 vincere
1073 611 1196 705 nollet,
1235 637 1265 689 ιι

249 733 347 806 Victa
363 747 414 807 est
428 759 498 803 non
512 757 597 825 aegre
613 728 804 829 proditione
819 757 888 803 sua.

200 854 247 925 Ut
263 851 356 924 stetit
371 865 446 922 ante
465 844 579 920 oculos
596 846 709 947 posito
724 843 884 921 velamine
900 864 1059 941 nostros,

245 967 286 1038 ln
305 980 376 1036 toto
394 989 559 1062 nusquam
576 989 716 1062 corpore
734 962 855 1037 menda
871 961 945 1036 fuit.

197 1077 295 1178 Quos
312 1078 488 1165 humeros,
508 1075 622 1177 quales
638 1077 707 1150 vidi
725 1077 885 1178 tetigique
902 1075 1060 1154 lacertos!

188 1196 195 1207 ’
241 1198 361 1270 Forma
375 1191 574 1295 papillarum
593 1221 692 1292 quam
708 1191 773 1266 fuit
791 1211 870 1294 apta
888 1196 1011 1295 premi!

194 1312 306 1409 Quam
323 1310 482 1405 castigato
500 1305 621 1408 planus
639 1307 703 1380 sub
721 1327 856 1408 pectore
872 1313 1006 1385 venter!

241 1430 415 1524 Quantum
433 1440 466 1497 et
484 1420 580 1521 quale
597 1420 701 1494 latus!
722 1451 821 1521 quam
837 1425 984 1521 juvenile
1001 1427 1127 1503 lemur!

192 1543 331 1639 Singula
345 1539 428 1642 quid
443 1538 607 1611 reseram?
623 1535 672 1609 nil
688 1553 758 1610 non'
775 1536 942 1615 landabile
959 1544 1042 1634 vidi3
1149 1579 1152 1583 ·

238 1663 285 1733 Et
300 1657 425 1731 nudam
442 1653 547 1755 pressi
566 1680 689 1753 corpus
707 1652 870 1753 adusque
888 1684 1009 1731 meum.

191 1777 308 1851 Cetera
325 1772 401 1874 quis
418 1768 546 1843 nescit?
563 1766 641 1840 lassi
658 1767 881 1868 requievimus
897 1771 1007 1845 ambo.
1226 1805 1259 1857 25

189 1953 386 2026 bombycinum,
396 1968 493 2019 nempe
502 1946 597 2014 Coam,
612 1956 657 1999 ant
667 1966 704 2000 se·

189 2035 283 2087 ricarn:
293 2042 321 2084 ut
329 2029 396 2101 apud
407 2030 501 2081 Horat.
510 2029 569 2079 Cois
578 2028 701 2092 tibipoeae
719 2023 721 2027 ’

189 2117 276 2166 vadere
287 2117 340 2172 est,
360 2116 390 2163 ut
400 2110 500 2160 audam.
516 2105 585 2158 Plin.
597 2104 640 2157 lib.
652 2118 699 2169 ιι,

189 2211 244 2261 cap.
253 2205 328 2254 xvu,
342 2187 374 2239 de
383 2185 481 2238 serico:
498 2185 562 2235 Tam
568 2184 705 2248 multiplici

753 1957 780 2001 et
791 1947 925 2018 eleganter
937 1952 1058 2022 Propert.
1069 1952 1143 2025 Eleg.
1152 1957 1195 2011 cit.
1210 1979 1239 2014 ru
1252 1975 1260 2008 z

885 2059 908 2072 ...
918 2034 977 2073 ocuti
987 2044 1033 2074 suat
1040 2036 1061 2074 in
1068 2051 1133 2076 umore
1142 2039 1209 2079 dneeu.

781 2125 821 2157 ur.
841 2107 922 2171 (luam
933 2113 1067 2176 castigato.
1079 2108 1168 2165 Caesar
1176 2128 1213 2180 ιι,
1225 2113 1258 2168 de

748 2180 813 2234 Bell.
828 2181 894 2236 Gall.
907 2188 946 2238 Et
954 2191 982 2238 ia
986 2186 1076 2254 fronte
1085 2192 1259 2242 leriteecasti·

190 2288 270 2336 opere,
283 2274 334 2318 tam
343 2268 476 2331 longumque
487 2263 659 2328 oriepetitur,
673 2264 704 2309 ut
745 2265 833 2328 gatus,
839 2271 868 2313 ut
876 2261 937 2332 legit
946 2264 1187 2321 Faernusssnsu.
1196 2268 1258 2322 Non

188 2352 217 2401 ie
224 2348 328 2414 publico
339 2345 460 2395 Matrona
479 2338 611 2392 traluceat.
629 2337 701 2406 Qui-

188 2426 237 2479 bus
255 2421 348 2476 similia
361 2419 428 2491 apud
442 2416 558 2472 eundem
571 2415 651 2468 babes
667 2414 700 2468 de

188 2514 259 2557 ueste
273 2500 375 2572 Assyria
383 2499 424 2551 lib.
438 2514 467 2550 ιιι
478 2537 485 2563 ,
498 2515 552 2566 cap.
565 2518 588 2548 a.
600 2495 701 2564 Perpe-

187 2598 246 2631 ram
260 2588 348 2630 autem
361 2575 466 2645 quidam
479 2575 622 2643 interpres,
635 2575 701 2624 mul·

188 2664 243 2709 tum
253 2674 312 2708 cum
322 2673 381 2705 eura
390 2652 535 2716 construit,
548 2669 630 2719 quum
638 2669 700 2703 cum

188 2735 299 2786 nocebat
305 2772 310 2783 .
323 2729 505 2782 debentium
514 2739 602 2779 autern
612 2727 700 2780 tunica

188 2821 227 2865 est
240 2808 351 2872 eadem,
365 2807 392 2859 ni
404 2805 490 2864 labor,
506 2823 586 2872 quam
595 2807 699 2856 Batiam

188 2886 507 2944 turricamvocatPlantus.
516 2881 591 2952 Epid.
598 2882 697 2949 Acen,

189 2971 231 3024 Sc.
238 2986 269 3034 ιι,
279 2988 345 3020 vers.
352 2968 384 3032 45
393 2984 399 3017 :
409 2963 452 3016 ubi
462 2961 604 3033 opponitur
610 2965 700 3029 spisse

188 3053 286 3101 tunice.
300 3046 401 3098 Herus.

223 3127 262 3191 rl.
271 3125 409 3191 Pugnabat
417 3122 504 3172 tunica
515 3126 563 3171 etc.
577 3117 698 3186 Propert.

187 3202 255 3256 libro
269 3217 305 3266 11,
321 3200 393 3271 Eleg.
407 3213 462 3265 ιιιι,
477 3216 542 3249 vers.
554 3199 582 3262 4:

212 3285 315 3325 Interdum
326 3284 392 3322 tunica
400 3283 459 3322 duxit
467 3289 534 3332 opertu
542 3293 622 3318 noram.

187 3387 221 3400 ·-
232 3360 264 3411 Se
282 3364 365 3410 tumea
381 3360 429 3409 illa
447 3358 504 3421 tegi.
527 3354 581 3405 Sed
594 3358 694 3415 tamen,

188 3437 316 3490 meliores
331 3435 374 3488 Sic
385 3444 413 3487 et
426 3432 483 3485 Art.
492 3431 580 3483 Amat.
592 3447 619 3496 ι,
632 3430 696 3482 666ε

211 3518 317 3569 Pugnando
327 3517 380 3554 uinci
388 3514 422 3554 sed
431 3521 495 3551 umen
503 3514 537 3551 illu
546 3513 605 3550 volet.

186 3591 228 3644 Ut
240 3602 267 3643 et
280 3591 316 3643 ibi
334 3589 393 3643 libri
408 3584 549 3640 nonnulli:
561 3582 696 3653 quomodo

187 3668 259 3721 idem
272 3687 347 3720 mox:

210 3753 249 3791 eet
259 3751 321 3790 voluit
331 3750 384 3789 uinci
393 3749 470 3788 viribus
478 3749 512 3787 ills
519 3756 591 3786 tumen.
599 3746 680 3786 Ηιιιιι.

221 3826 258 3876 ι5.
271 3826 331 3889 (lue
338 3827 591 3891 quumitapagrraret.
604 3823 695 3887 Quum-

184 3921 232 3973 que
248 3907 304 3977 ita,
325 3899 420 3952 rectius
433 3920 476 3952 sex
487 3900 553 3952 libri.
566 3899 648 3952 lunt.
661 3928 694 3942 -

188 3983 252 4048 Qua·
260 3983 358 4031 vebcera
368 3981 452 4030 nollet.
464 3978 497 4029 Se
504 3983 603 4031 miscete
613 3978 693 4033 Fran·

183 4056 277 4109 colurt.
289 4053 368 4109 credo
381 4074 444 4123 pro,
457 4061 485 4106 si
493 4062 599 4108 vincere.

219 4135 691 4208 uq.(luusliuarems,guatesetc.Recte

749 2348 868 2391 accurate
879 2339 956 2406 satis,
969 2352 998 2394 ut
1006 2362 1055 2396 nec
1065 2354 1135 2397 recte
1144 2344 1258 2414 aliquan·

750 2413 835 2468 tulum
848 2414 970 2484 dimisso,
989 2419 1179 2490 interpretatur
1190 2424 1258 2477 Μει-

748 2492 814 2546 rins:
823 2494 916 2549 melius
924 2495 1023 2549 dixerat
1032 2509 1122 2566 antea,
1136 2504 1258 2554 emenda-

749 2577 789 2632 to,
803 2579 926 2637 correcto,
943 2574 1069 2629 nimirum
1083 2581 1240 2647 perlasciam
1248 2621 1257 2649 ,

749 2669 800 2718 qna
812 2663 986 2708 tumescentes
998 2666 1025 2709 et
1033 2657 1203 2713 exuberantes
1214 2660 1258 2713 ni-

748 2729 798 2780 mis
810 2730 915 2799 papillas
924 2731 1179 2790 solebanteoercere.

781 2805 821 2857 23:
839 2809 888 2858 Nil
900 2827 951 2861 aaa
965 2814 1095 2866 laudabile
1108 2818 1170 2869 vidi.
1185 2818 1263 2870 Nubit

746 2884 896 2937 illaudabile
916 2885 998 2941 codex
1019 2890 1206 2961 Neapolitanus
1230 2906 1258 2949 et

747 2958 887 3014 Junianus.
898 2962 999 3019 Herus.

780 3040 820 3090 as.
839 3041 931 3092 Cetera
945 3047 1001 3109 quis
1016 3048 1127 3099 suescat?
1153 3047 1257 3103 Retieet

747 3115 1188 3191 pudenterulteriora,qusetumen
1196 3127 1258 3180 satis
1299 3160 1303 3168 ·

746 3192 859 3262 indicat,
878 3216 961 3265 quum
974 3197 1063 3265 addit,
1083 3202 1256 3272 Iasse’requue*

746 3276 826 3325 ramus
837 3278 918 3327 ambo.
929 3274 982 3328 Sed
994 3276 1022 3329 in
1035 3275 1085 3330 hoc
1097 3297 1129 3331 eo
1139 3279 1256 3334 laudan-

747 3346 796 3405 dus
807 3352 904 3422 magis,
917 3372 970 3422 qno
982 3353 1030 3407 sibi
1041 3355 1140 3410 facilius
1151 3356 1178 3410 in
1192 3358 1255 3412 tali-

744 3428 793 3482 bus
802 3430 955 3485 enarrandis
966 3443 1067 3487 veteres
1076 3433 1255 3506 indulgebant.

744 3535 779 3548 -
791 3506 977 3564 Conferendus
993 3514 1168 3567 cum'Nostro
1185 3515 1255 3567 Pro-

744 3596 811 3654 pert.
828 3587 873 3654 qui
891 3587 956 3641 libro
970 3605 1008 3656 11,
1022 3590 1094 3661 Eleg.
1108 3608 1137 3644 ιιι
1150 3601 1177 3646 et
1188 3608 1230 3645 xtt
1245 3633 1253 3658 ,

744 3661 815 3716 idem
829 3663 879 3719 hoc
891 3678 1076 3735 argumentum
1091 3670 1163 3738 prior
1179 3680 1254 3723 trac-

744 3750 859 3809 taverat,
870 3753 896 3796 et
906 3744 1003 3798 Ouidio
1011 3748 1077 3799 sorte
1084 3752 1254 3814 recitaverat,-

743 3837 816 3903 nam,
825 3822 965 3893 utaitipse,
975 3824 1054 3877 Trist.
1065 3840 1102 3890 tv,
1112 3824 1152 3878 El.
1165 3842 1191 3891 ιι,
1204 3829 1253 3893 45:

742 3907 796 3957 θοι»
806 3920 852 3946 suos
861 3909 931 3946 solitum
941 3911 1020 3948 recitare
1027 3911 1139 3960 Propertius
1153 3911 1207 3961 ignes
1216 3924 1223 3960 ς

742 3979 786 4032 ubi
797 3979 915 4033 notanda
932 4000 993 4034 sane
1006 3982 1108 4051 egregia
1120 3982 1192 4036 verbi
1208 4003 1253 4037 ac-

741 4059 844 4126 ceptio,
865 4077 922 4126 quae
940 4063 1011 4125 ignes
1023 4072 1098 4113 vocet
1115 4061 1250 4126 carmina,

741 4136 835 4205 quibus
847 4137 961 4189 fideliter
973 4135 1039 4189 adeo
1055 4143 1187 4192 commissi
1197 4140 1253 4208 spi-
