2798 4702
351 347 582 415 unorum
608 350 662 414 11.
689 338 846 417 nunc..
873 316 1028 422 xv11'1.
1083 396 1086 401 -
1120 452 1122 457 Ι
1152 362 1213 446 145

147 491 233 577 Aut,
254 487 345 588 quod
362 487 547 588 Penelopes
564 487 675 562 verbis
690 486 849 564 reddatur
864 489 977 581 Ulixi,
1078 484 1081 491 ⁵

197 604 398 692 Scribimus;
417 621 475 677 aut
491 601 657 691 lacrimas,
678 602 789 704 Phylli
805 603 935 696 relicta,
954 626 1037 685 tuas.

150 719 254 816 Quod
271 719 381 805 Paris,
398 737 433 794 et
449 721 637 806 Macareus,
656 737 689 793 et
707 718 799 820 quod
817 721 901 796 male
923 743 1036 820 gratim
1053 731 1169 823 lason,

199 836 442 938 Hippolytique
458 863 597 937 parens,
615 836 889 939 Hippolytusque
907 839 1039 936 legant:

152 951 321 1054 Quodque
340 960 456 1027 tenens
474 953 626 1026 strictum
643 952 735 1026 Dido
752 955 951 1032 miserabilis
967 988 1077 1035 ensem
1182 992 1215 1041 25

199 1071 315 1155 Dicat,
333 1086 367 1142 et
384 1067 502 1142 AEoliae
518 1068 638 1142 Lesbis
652 1070 755 1143 amica
771 1069 856 1172 lyrae.

152 1186 261 1282 Quam
278 1185 365 1259 celer
381 1214 398 1259 e
417 1202 488 1259 toto
506 1185 606 1259 rediit
622 1215 716 1260 meus
733 1187 814 1260 orbe
834 1188 995 1279 Sabinus,

199 1303 394 1405 Scriptaque
413 1301 549 1376 diversis
566 1301 695 1376 rettulit
712 1301 767 1376 ille
784 1302 890 1378 locis!

153 1419 300 1494 Candida
316 1419 484 1523 Penelope
501 1419 632 1515 signum
650 1421 810 1515 cognovit
827 1420 959 1495 Ulixis:

199 1536 298 1632 Legit
313 1535 355 1610 ab
374 1534 561 1636 Hippolyto
580 1535 703 1637 scripta
719 1560 861 1609 noverca
876 1565 949 1610 suo.

152 1653 227 1725 Jam
242 1653 320 1752 pius
335 1652 458 1727 AEneas
474 1654 600 1726 misere
616 1651 785 1752 rescripsit
801 1652 937 1728 Elissa:

203 1768 370 1870 Quodque
385 1769 473 1864 legat
486 1767 632 1870 Phyllis,
652 1769 680 1841 si
695 1768 795 1842 modo
812 1770 907 1859 vivit,
926 1768 1037 1846 habet.

157 1889 276 1965 Tristis
292 1891 333 1966 ad
351 1891 560 1994 Hypsipylen
578 1891 621 1964 ab
638 1893 754 1964 Iasone
770 1890 880 1966 littera
897 1896 1010 1969 venit:

204 2014 270 2088 Det
286 2031 397 2091 votam
416 2013 546 2089 Phoebo
562 2011 680 2087 Lesbis
695 2031 801 2088 amata
812 2013 925 2116 lyram.

155 2137 222 2211 Nec
238 2137 316 2226 tibi,
337 2166 403 2239 qua
422 2155 550 2224 tutum,
566 2137 648 2225 vati,
668 2139 796 2225 Macer,
816 2166 906 2214 arma
921 2142 1070 2228 canenti,
1145 2223 1150 2233 ,
1187 2167 1220 2219 35

202 2262 334 2336 Aureus
350 2261 386 2333 iu
400 2258 510 2334 medio
528 2260 636 2332 Marte
656 2277 782 2335 tacetur
797 2261 911 2335 Amor.

186 2500 225 2532 αι.
241 2480 299 2531 Aa!
307 2479 377 2547 quod
382 2479 518 2543 Penelopes
530 2485 578 2529 etc.
590 2474 660 2529 lnei-
708 2474 867 2539 caniferam,
876 2475 941 2528 dum
949 2484 1042 2529 contra
1051 2490 1164 2547 quatuor
1174 2501 1220 2533 re-

155 2559 257 2627 gniores
280 2557 350 2609 inter
370 2554 521 2609 Heroidum
541 2553 659 2623 epistolas
708 2562 849 2606 censentur
856 2571 931 2621 ,quae
943 2554 1054 2607 omnino
1063 2557 1217 2624 perierunt,

150 2646 290 2700 ,recenset3
305 2644 332 2688 et
343 2653 402 2700 eas,
414 2632 588 2699 crediderim,
602 2651 660 2701 quse
708 2649 764 2682 non
777 2629 812 2682 ita
823 2649 928 2699 prorsus
940 2630 1131 2698 desiderandae,
1140 2637 1162 2690 si
1174 2658 1220 2691 su·
1265 2689 1269 2693 .

155 2715 248 2782 majori
262 2712 331 2782 apud
344 2713 445 2764 eumin
457 2710 549 2780 pretio.
709 2707 859 2776 perstitibus
870 2728 925 2762 non
940 2710 1063 2780 potiores.
1075 2712 1145 2782 Quis
1156 2722 1220 2769 vero

191 2793 230 2844 26.
241 2792 329 2843 Dicat.
340 2790 431 2842 Dictat
438 2789 500 2842 olim
513 2789 576 2842 editi
593 2809 600 2842 :
616 2788 661 2842 sed
710 2785 911 2857 credotpoetam
924 2790 1046 2843 omnium
1057 2791 1221 2862 elegantissi-

159 2869 250 2934 Junii,
263 2867 372 2921 Palatio.
383 2869 503 2922 Francos.
521 2880 548 2921 et
560 2877 662 2936 septem
711 2883 786 2917 mum
800 2865 828 2918 in
840 2866 922 2921 laudis
934 2879 961 2922 et
971 2871 1047 2923 samae
1060 2881 1160 2939 partem
1175 2891 1220 2924 ve-

157 2948 218 3012 alii,
234 2951 306 3000 deca!
321 2967 329 2998 :
347 2966 414 3000 unus
431 2965 510 3013 vero,
528 2953 619 3000 millai.
629 2975 663 2988 -
711 2943 768 2996 nire
781 2945 906 3012 voluisse,
919 2967 980 3001 curn
993 2959 1098 3001 auctore
1113 2949 1220 3018 Epistol.

157 3023 664 3094 Aonrbbesbrkamr'calyra.Alii,Aonio
713 3023 1222 3096 quaslectorisjudiciopermisimus?-

157 3107 246 3157 Lesbis
255 3110 341 3156 amala
351 3108 413 3156 viro.
425 3103 590 3166 Puteaneue,
599 3102 665 3153 AEo·
712 3099 774 3163 Sed,
785 3101 848 3169 quid
857 3122 887 3153 ea
901 3102 933 3155 de
943 3123 971 3155 re
981 3104 1131 3166 sentiamus,
1142 3105 1220 3158 habet

155 3189 197 3236 ote
209 3185 299 3236 Lesbii
315 3188 403 3234 amala
418 3184 496 3250 lyra:
512 3191 539 3232 et
552 3198 567 3231 a
581 3197 663 3230 manu
712 3181 766 3249 jam
780 3181 881 3248 lector,
893 3192 957 3234 tom.
970 3198 996 3249 1,
1009 3203 1066 3253 pag.
1082 3205 1134 3238 121.

156 3260 284 3325 secunda,
298 3265 398 3312 amr'ca:
409 3269 488 3310 recte.
501 3257 544 3311 Sic
557 3256 663 3326 Sappho
745 3259 1024 3326 tolomaidam.
1033 3264 1221 3330 Impr'usnrulti;

157 3340 210 3408 ipsa
219 3337 286 3407 apud
297 3338 426 3391 Nostrum
435 3357 441 3389 :
449 3337 570 3388 Lesbides
577 3338 664 3388 AEolr'a
713 3355 781 3389 unus
789 3336 903 3402 Mureti,
912 3341 1024 3405 Elpias:
1032 3339 1087 3410 lego
1094 3381 1102 3406 ,
1110 3344 1221 3407 Enpe'res.

157 3421 258 3468 nomena
274 3417 343 3467 dicta
360 3419 424 3486 lyra.
448 3413 514 3467 lnde
535 3425 561 3467 et
575 3417 664 3466 AEclr'a
745 3415 784 3467 32.
802 3417 994 3470 Simodoviust.
1017 3422 1092 3471 Vivat
1103 3420 1178 3473 lunii
1195 3433 1222 3474 et

151 3498 240 3561 puella
253 3492 365 3545 Horatio
376 3509 415 3558 tv,
425 3492 486 3546 Ode
497 3514 530 3566 9,
544 3492 611 3546 dicta
621 3510 627 3543 ε
637 3502 664 3545 ct
713 3492 805 3546 decem
818 3493 860 3546 alii
873 3513 879 3546 :
891 3494 929 3546 nil
941 3506 1025 3548 muto.
1039 3497 1121 3568 Epist2
1131 3515 1160 3560 x,
1176 3501 1221 3569 75:

156 3572 225 3643 apud
244 3570 369 3625 eumdem
380 3587 419 3640 ιι,
433 3570 487 3626 Oel.
502 3571 547 3637 13,
565 3571 662 3637 habes,
713 3575 744 3627 Si
751 3578 825 3627 modo
836 3579 913 3634 vicii,
920 3576 1028 3644 femena.

155 3655 251 3706 AEolr'is
253 3653 355 3721 fidibus
362 3657 497 3718 querentem
510 3651 616 3716 Sappho.
626 3650 663 3704 H.
745 3651 784 3704 35.
803 3654 857 3704 Nec
867 3655 928 3718 tibi,
944 3672 993 3720 qua
1009 3660 1088 3705 lulum
1099 3659 1160 3707 vati
1172 3664 1220 3708 etc.

186 3751 227 3803 ²9·
246 3731 366 3782 Candida
376 3731 498 3797 Penelope
510 3739 557 3781 etc.
571 3727 663 3781 Nullus
712 3728 754 3782 Dc
762 3730 914 3798 lllaerojnm
921 3731 1016 3783 Tibull.
1024 3747 1057 3797 11,
1065 3731 1137 3801 Eleg.
1146 3748 1184 3795 ιι,
1194 3752 1204 3785 ι
1216 3752 1222 3785 :

154 3827 215 3862 Sane
223 3805 364 3861 dubitandi
370 3805 441 3860 locus
448 3846 455 3872 ,
463 3808 527 3875 quill
535 3805 664 3876 Eplslolfls
712 3819 777 3856 &erm
787 3816 855 3855 Macer
863 3816 951 3865 sequitur
960 3828 965 3853 :
973 3824 1040 3854 tenero
1048 3817 1096 3867 quid
1105 3815 1135 3855 liet
1143 3817 1224 3855 emori?

156 3889 267 3943 Sabinus
275 3888 474 3959 conscripserit,
486 3907 550 3957 qnae
560 3888 603 3952 hie
611 3908 664 3953 ιιο-1
714 3888 793 3942 Unde
806 3898 876 3958 patet
887 3906 941 3940 non
951 3889 983 3942 ub
991 3890 1094 3943 eroticis
1104 3890 1220 3944 alienum

157 3977 194 4020 tat
203 3966 322 4023 Ovidius.
332 3967 386 4022 Sed
395 3965 467 4020 nulla
480 3966 509 4018 srt
520 3967 621 4020 mentio
630 3967 663 4022 de
712 3967 802 4029 fuisse,
813 3963 883 4034 quod
893 3977 920 4018 et
928 3967 1024 4020 Noster
1036 3967 1086 4021 hoc
1097 3969 1153 4039 ipso
1163 3969 1220 4023 loco

104 4088 108 4095 .
158 4047 324 4115 responsione
350 4047 453 4098 Parilis
473 4048 512 4097 ad
531 4046 661 4110 OEnoneae,
712 4045 867 4111 confirmat,
881 4063 964 4113 quum
977 4045 1066 4109 addit,
1080 4065 1102 4100 r.
1117 4050 1168 4114 40:

159 4121 416 4189 queadlrucSabini
430 4122 478 4176 sub
489 4122 598 4176 nomine
611 4122 664 4176 cir·
742 4161 745 4167 ⁴
824 4128 1165 4170 arenosorum-nuncu..

251 4221 307 4287 II.
1002 4248 1039 4289 ro
