2798 4702
380 369 614 437 antonum
647 372 725 439 111.
758 374 902 440 nuno.
932 373 1001 440 vr.
1176 379 1235 477 ‚ss

214 511 283 583 Nec
301 509 389 611 capit
406 510 564 585 admissas
581 511 692 587 alvens
709 512 796 587 altus
814 542 927 614 aquas.

168 624 261 722 Quid
276 653 423 714 mecum,
442 627 584 715 furiose,
603 629 693 702 tibi?
711 630 791 731 quid
809 641 925 705 mutua
942 630 1056 703 dillers

219 744 372 817 Gaudia?
390 745 472 844 quid
489 763 652 847 coptum,
668 749 810 833 rustice,
826 748 955 849 mmpis
972 749 1061 822 iter?

171 859 289 955 Quid?
306 861 334 933 si
352 859 535 955 legitimum
551 861 690 947 flaccos,
707 863 736 936 si
753 862 867 937 nobile
885 864 1032 938 llumcn?

217 975 254 1046 Si
270 975 333 1049 tibi
348 1004 409 1077 per
427 994 529 1050 terras
544 978 683 1051 maxima
698 977 785 1051 fama
801 978 915 1053 foret?

71 1092 76 1101 ’
168 1093 299 1166 Nomen
309 1093 420 1196 'habes
435 1093 581 1182 nullum,
595 1095 675 1168 rivis
693 1093 828 1168 collecte
846 1094 998 1182 caducis3

215 1207 285 1279 Nec
304 1205 367 1279 tibi
385 1223 464 1280 sunt
479 1207 607 1294 fontes,
621 1237 681 1281 ncc
701 1208 765 1283 tibi
783 1226 870 1284 certa
888 1211 1017 1283 domus.

167 1322 284 1396 Fontis
301 1323 404 1397 habes
421 1324 527 1397 instar
542 1323 754 1424 pluviamque
772 1326 930 1426 nivesque
949 1324 1095 1413 solum,

215 1440 310 1536 Quas
328 1439 392 1513 tibi
410 1439 541 1512 divitias
557 1440 653 1540 pigra
669 1440 836 1513 ministrat
851 1439 968 1514 hiems.

166 1553 237 1624 Ant
253 1551 439 1626 lutulentus
456 1553 527 1648 agis
542 1552 686 1628 brumali
703 1573 851 1656 tempore
868 1584 1006 1630 cursus:
1202 1577 1236 1645 95

216 1669 287 1740 Aut
302 1668 424 1768 premis
440 1686 585 1744 arentem
602 1667 855 1770 pulverulentus
873 1669 1021 1745 humum.

168 1783 257 1878 Quis
275 1800 305 1856 te
324 1800 394 1857 turn
408 1787 520 1886 potnit
535 1785 650 1859 sitiens
665 1784 796 1858 haurire
812 1785 945 1858 viator?

219 1898 305 1994 Quis
322 1917 414 1996 grata
430 1902 515 1975 dixit
530 1930 610 1974 voce
624 1931 631 1974 :
645 1900 800 2001 perennis
819 1905 893 1974 eas!

168 2013 358 2089 Damnosus
372 2017 486 2118 pecori
502 2017 626 2104 curris,
645 2015 837 2090 damnosior
854 2017 950 2111 agris.

215 2139 370 2213 Forsitan
386 2139 456 2215 haec
473 2140 557 2214 alios
574 2172 582 2213 ι
602 2169 653 2214 me
670 2168 742 2214 mea
759 2140 878 2214 damna
896 2155 1038 2211 movent.
1190 2176 1235 2212 100

168 2262 254 2336 Huic
270 2292 334 2359 ego
351 2292 398 2338 vae
417 2264 551 2339 demens
566 2265 740 2339 narrabam
756 2264 930 2337 lluminum
948 2263 1101 2335 amores?

198 2479 236 2548 87.
242 2480 351 2547 Dissers.
359 2483 449 2533 Perdis
456 2481 639 2535 Putean.alter
648 2494 675 2537 et
723 2486 822 2542 lentus,
842 2498 956 2545 crassus,
971 2477 1108 2543 turbidus,
1123 2487 1149 2530 et
1161 2479 1232 2546 quasi

164 2569 283 2627 excerpta
290 2560 389 2623 Vossii3
402 2559 447 2613 sed
457 2560 537 2630 Epist.
546 2577 631 2628 mu,
641 2561 657 2613 3
667 2581 673 2614 :
721 2560 805 2609 lentus
814 2559 890 2608 aloto
898 2554 968 2624 quod
977 2553 1055 2607 undis
1063 2553 1231 2607 immiscetur.

166 2637 254 2703 longa
273 2656 342 2689 mora
364 2644 404 2689 es!
420 2645 513 2700 omnis,
530 2643 603 2692 nobc's
620 2658 674 2707 que
722 2633 827 2687 Dicitur
838 2644 865 2687 et
877 2633 1054 2703 metaphorice
1067 2632 1100 2685 de
1115 2631 1231 2700 scriptis,

162 2716 259 2779 gaudis
269 2714 363 2782 defleri.
722 2714 751 2767 in
766 2715 862 2784 quihus
873 2734 929 2768 non
940 2713 1006 2767 nihil
1016 2712 1049 2767 ad
1060 2712 1119 2785 styli
1127 2710 1233 2781 liquidi-

198 2790 238 2860 89.
260 2794 625 2862 Quidsc'1e5ilimumjlueres‚
647 2802 677 2849 si
721 2803 803 2846 tatem
821 2791 992 2847 desideratur.
1019 2791 1063 2845 Sic
1082 2791 1115 2845 de
1132 2789 1232 2843 Lucilio

164 2869 367 2935 nobelefiumen?
379 2873 490 2931 Marem,
508 2873 607 2940 poetice
618 2871 672 2926 dic·
720 2871 816 2924 Horat.
827 2872 916 2926 Serm.
927 2889 955 2939 1,
969 2872 1023 2926 Sat
1036 2887 1082 2934 lv,
1098 2886 1121 2922 11
1132 2888 1139 2921 ι

165 2953 236 3010 tum,
256 2965 305 3014 pro
317 2965 393 2999 esses.
406 2948 450 3001 Sic
461 2949 480 3001 J
482 2968 535 3001 uno
546 2959 665 3013 nonest,
719 2952 1083 3004 Qumssmmtmlmm,mtqmd
1088 2949 1230 2990 ¹⁰¹¹‘¹⁶“¹¹‘¹·

163 3021 209 3074 sed
220 3027 316 3077 moedi!
325 3026 419 3078 vom
431 3029 549 3093 Regina!
568 3056 601 3069 -
614 3030 672 3083 No·
722 3024 876 3096 Oppouitur
887 3026 929 3080 hic
940 3030 1090 3087 lutulentas,
1106 3023 1230 3094 pulveru-

163 3102 318 3168 br'lejlumen.
331 3101 481 3156 Nobilitatis
491 3103 592 3175 origine
600 3125 673 3159 com·
723 3101 803 3157 lento.

164 3179 353 3233 mendandum.
376 3208 410 3220 —
432 3183 587 3249 legitimum.
610 3184 635 3236 Τ
637 3204 671 3237 uo
752 3200 793 3252 97.
808 3184 871 3247 Quis
881 3184 1116 3247 teunquampolur'l.
1131 3180 1194 3245 Ques
1206 3185 1230 3229 Ιι·

162 3259 298 3327 jure3n0n
306 3260 384 3314 undis
392 3261 554 3318 auxiliaribus
563 3263 669 3331 pluvie,
719 3264 863 3325 tunpotm't
873 3260 983 3311 Putean.
996 3276 1002 3309 :
1017 3257 1098 3327 probe
1112 3278 1118 3319 ;
1141 3255 1229 3308 motivo

163 3336 204 3388 vel
213 3337 314 3389 nivium
325 3336 476 3391 solutarum.
719 3349 838 3408 tempore
846 3338 988 3404 nimirum,
997 3336 1228 3406 qmadoareutem

196 3433 237 3484 9¹·
253 3416 328 3466 Rivis
339 3418 442 3468 collecte
456 3419 566 3471 caducis.
578 3419 623 3473 Sic
638 3419 672 3472 li-
720 3415 833 3469 humum
843 3416 1042 3485 pulverulentus
1051 3415 1155 3485 premis.

161 3491 202 3543 bri
215 3492 345 3560 potiores,
360 3505 387 3546 et
397 3507 466 3548 recte
480 3512 486 3545 :
499 3502 596 3550 nirr'bus
607 3499 648 3552 alii
661 3520 669 3563 ς
752 3516 792 3568 99.
804 3498 950 3549 Damnosus
955 3501 1045 3564 pecori
1051 3499 1142 3556 cunas,
1157 3497 1227 3546 dam-

160 3568 244 3622 sedde
251 3569 355 3623 nivibus
362 3589 422 3624 mox
428 3585 564 3643 sequetur:
572 3575 669 3629 deinde
718 3579 889 3641 rosc'oragris.
901 3573 943 3627 De
954 3572 1128 3626 inundatione
1140 3572 1225 3625 stabu-

160 3646 327 3714 Putemus,
340 3667 401 3701 curn
411 3649 533 3721 scaligeri
545 3654 669 3722 excerptis
717 3651 805 3705 lorum
814 3663 840 3704 et
851 3670 1005 3721 pascuorum
1016 3649 1225 3720 intelligendum.

155 3729 328 3793 pluviumque,
344 3743 392 3795 pro
402 3732 555 3796 pluviasque.
568 3730 669 3786 Hans.
719 3730 751 3782 ln
763 3729 918 3798 quibusdam
928 3731 1008 3782 etiam
1017 3728 1114 3797 legitur
1125 3747 1132 3779 ι

160 3803 247 3873 AEque
267 3804 335 3857 bene
356 3811 425 3858 m'm
439 3811 562 3869 caducas,
588 3828 668 3878 quam
716 3812 827 3851 Dum
835 3809 1224 3861 P²0⁰¹³ss¹¹¹fi¹d¹³¹¹⁰⁸i⁰rmi··ll¹⁰·

159 3885 223 3933 rivos
239 3881 288 3935 dici
306 3893 370 3951 puto
386 3902 393 3935 ε
409 3883 445 3936 ita
462 3889 573 3937 caducas
591 3890 667 3938 nabes.
752 3902 805 3936 ιοι.
825 3886 869 3934 Vae
879 3886 985 3935 demens.
1001 3881 1084 3935 Valde
1097 3881 1224 3947 demens;

161 3957 286 4012 German.
299 3961 437 4030 Prognost.
451 3974 461 4010 1
474 3979 480 4013 :
717 3973 746 4016 ut
760 3960 827 4030 apud
840 3959 1054 4030 Virgil.Ecl.1x,
1069 3961 1119 4013 282

160 4043 257 4082 Grandine
263 4045 373 4095 permixtus
382 4045 448 4091 Aries,
456 4044 573 4096 nivibusque
580 4047 665 4086 caducis.
716 4049 798 4088 Mantum
808 4058 837 4082 vn
847 4045 921 4083 miser·
927 4042 1012 4082 nimium
1021 4045 1086 4083 vicina
1099 4045 1210 4084 emmone!

193 4118 233 4186 95.
243 4119 301 4172 Aut
309 4120 446 4172 lululeatus
456 4124 513 4186 agis
522 4130 569 4173 etc.
585 4122 667 4175 Latu-
721 4124 763 4178 Va
777 4119 848 4174 cuim
863 4119 987 4190 particula
1006 4122 1047 4189 (ut
1061 4118 1137 4173 docet
1155 4119 1223 4173 Geli.
