2798 4702
230 348 291 442 ut
498 338 1005 424 enumerationum

270 484 309 555 In
326 479 468 582 liquidas
484 482 633 555 nondum
653 511 734 584 quas
750 513 843 559 mora
859 487 956 560 vertit
973 516 1084 589 aquas.

222 598 420 685 Candidior,
436 596 526 697 quod
543 596 650 672 adhuc
668 600 794 699 spumis
810 601 1026 677 stridentibus
1044 604 1148 692 albet,

268 718 314 789 Et
330 712 429 787 modo
448 714 615 801 siccatam,
628 712 727 803 lacte,
741 715 899 818 relinquit
915 747 1019 793 ovem.

220 834 350 906 Taurus
366 847 435 904 erat
450 858 559 902 comes
575 829 671 917 huie,
685 829 823 905 feliciter
838 831 893 906 ille
910 835 1046 909 maritus
1059 865 1066 921 ;
1252 856 1280 907 ιε

270 948 419 1045 Cumque
437 974 496 1020 sua
513 962 657 1019 teneram
674 948 815 1046 conjuge
829 949 949 1049 pressit
965 950 1113 1024 humum.

221 1064 311 1136 Dum
322 1062 421 1161 jacet,
437 1079 471 1136 et
485 1060 572 1135 lente
587 1081 753 1136 revocatas
771 1066 916 1139 ruminat
929 1066 1067 1153 herbas,

267 1181 379 1280 Atque
397 1178 515 1252 iterum
533 1195 629 1278 pasto
647 1179 795 1279 pascitur
809 1198 884 1253 ante
902 1180 1000 1267 eibo;

221 1295 322 1368 Visus
339 1309 425 1381 erat,
441 1322 558 1366 somno
572 1293 657 1368 vires
674 1292 854 1382 adimente,
871 1294 989 1368 serenti

271 1410 489 1504 Cornigerum
506 1427 597 1482 terrae
612 1408 805 1509 deposuisse
823 1427 933 1511 caput.

222 1527 297 1599 Huc
313 1523 440 1597 levibus
458 1524 573 1597 cornix
589 1524 708 1623 pennis
724 1524 855 1626 delapsa
871 1556 932 1627 per
949 1555 1042 1600 auras

271 1637 389 1725 Venit,
407 1638 490 1710 etin
505 1636 601 1708 viridi
620 1637 749 1731 garrula
765 1639 850 1712 sedit
868 1641 971 1714 humo
985 1672 993 1729 ;

221 1755 352 1853 Terque
366 1751 464 1825 bovis
480 1752 581 1824 nivea
593 1751 755 1852 petulanti
771 1772 907 1854 pectora
923 1773 1031 1829 rostro

272 1867 390 1955 Fodit,
404 1885 438 1941 et
449 1866 597 1942 albentes
613 1867 752 1942 abstulit
767 1897 823 1943 ore
834 1870 942 1969 jubas.

258 2079 294 2111 ro.
304 2061 335 2110 tn
344 2058 455 2127 tetraidos
465 2058 573 2109 nondum
584 2075 647 2124 φησι
657 2076 728 2110 mora
775 2056 884 2124 Servio,
899 2057 931 2110 ad
944 2057 998 2112 net.
1012 2073 1054 2119 vr,
1068 2060 1115 2125 54,
1134 2058 1202 2112 dicta
1213 2069 1253 2114 est
1266 2079 1281 2113 a

223 2141 392 2206 wrtr'taquas.
400 2135 490 2189 Terris
499 2135 570 2188 enim
578 2134 728 2203 aliquandiu
776 2156 860 2199 rome,
872 2136 1006 2189 eminente
1015 2136 1126 2204 gutturis
1135 2147 1222 2204 parte,
1234 2157 1283 2206 per

222 2221 358 2269 immorata
373 2215 469 2268 sensim
485 2214 646 2282 flavescunt,
668 2226 730 2269 tan·
777 2234 855 2284 quam
871 2213 996 2268 demissus
1010 2214 1081 2267 cibus
1093 2233 1107 2266 a
1117 2214 1193 2267 certis
1205 2235 1283 2268 rero·

224 2296 337 2365 demque
354 2295 477 2368 Zephyro
489 2305 596 2364 putres,
616 2301 689 2348 conr}
698 2298 729 2349 de
776 2300 850 2346 catur
861 2292 1043 2346 animalibus.»
1072 2297 1081 2321 ‘

223 2378 348 2427 montibus
357 2377 497 2442 liquuntur,
509 2371 537 2425 in
549 2371 663 2442 gelidum
672 2373 728 2426 bu·
812 2391 849 2444 ¹9·
861 2373 951 2424 Somno
964 2377 1030 2424 vires
1042 2373 1167 2423 annena
1172 2371 1282 2438 serendi.

223 2471 328 2505 morem
336 2450 476 2516 'resolntm
488 2451 516 2504 in
529 2450 638 2520 liquidas
651 2470 729 2522 aquas
777 2451 878 2501 Ferenti
887 2450 1051 2514 Puteanens,
1068 2446 1281 2516 Aruudelianns,

224 2547 364 2583 conversio.
776 2537 804 2579 et
819 2545 888 2580 uuus
900 2526 999 2579 Mureti
1017 2526 1126 2594 scilieet,
1144 2533 1219 2578 terre.
1238 2527 1282 2581 Sic

260 2606 298 2657 13.
312 2608 392 2659 Lacte
393 2645 455 2660 ........
467 2608 536 2676 qood
543 2609 626 2658 adhoc
635 2611 730 2673 spuma
778 2603 892 2670 Statius,
908 2620 946 2668 11,
959 2602 1043 2656 Theb.
1058 2603 1121 2671 178:
1136 2605 1282 2671 Quantaque

223 2687 385 2737 stn'dentitos
398 2688 472 2737 albet.
489 2685 507 2737 J
509 2703 613 2738 uvencee
625 2684 729 2738 cando·
769 2679 892 2747 serentem
899 2683 1033 2733 Fortunam
1039 2678 1231 2732 wrtotedomas!
1241 2678 1281 2732 lta

225 2780 282 2815 rem
302 2761 359 2814 laeti
378 2771 511 2829 comparat
523 2800 531 2827 ,
548 2761 620 2829 quod
639 2780 730 2814 reeens
777 2767 804 2811 et
808 2758 918 2826 serentes
929 2766 1001 2811 venti
1012 2760 1094 2828 poetis
1105 2775 1111 2808 :
1121 2760 1170 2812 snit
1180 2777 1280 2829 quum,

225 2839 370 2904 emulsum,
391 2838 488 2907 spumis
511 2837 602 2892 stridet
617 2841 731 2892 attenti·
777 2840 945 2888 ve'rente‘terre
955 2835 1121 2889 scribendum
1131 2857 1281 2902 censerem

225 2923 278 2972 bes.
292 2945 325 2957 -·
339 2916 464 2969 &bootem
475 2935 557 2975 orem,
572 2915 728 2984 mulctam,
779 2911 849 2980 quod
862 2912 1002 2966 confirmat
1013 2914 1197 2969 Mentelianus.
1212 2916 1249 2969 H.

224 2996 382 3050 exhaustam.
393 3021 426 3032 -
434 2993 598 3046 Stridentr'bes
608 2997 683 3046 albet.
695 2994 727 3046 ln
809 3007 848 3040 ²0·
862 2991 1018 3056 Cornigerum
1029 2999 1104 3044 terre.
1120 2994 1209 3054 Terre,
1225 2992 1282 3045 Pu-

225 3073 319 3126 eodem
334 3071 400 3125 libro
414 3073 585 3124 candentibus.
597 3072 728 3124 Stridentr'·
775 3074 883 3120 teaueus
897 3076 923 3118 et
934 3066 1137 3122 Arnudelianus.
1148 3070 1231 3122 lnam.

224 3156 270 3206 bes
280 3153 362 3212 ardet,
379 3149 518 3202 Palatinus.
809 3145 848 3196 23.
865 3147 956 3214 Terque
968 3150 1044 3199 boris.
1057 3148 1089 3200 ln
1105 3167 1159 3201 uuo
1172 3168 1280 3202 eorum·

260 3230 298 3293 ¹4·
312 3229 447 3296 Relinquat.
467 3227 500 3279 ln
517 3227 642 3280 ambobus
658 3225 728 3281 libris
776 3222 854 3290 dem,
868 3229 941 3291 atque
952 3227 1039 3277 boris:
1054 3227 1152 3295 verius,
1166 3238 1280 3297 utputo.

225 3305 350 3374 antiquis,
368 3307 477 3373 retranit,
491 3305 614 3374 preteriti
626 3316 729 3375 tempo·
777 3297 856 3353 Ctor.
874 3329 908 3341 —
921 3304 1053 3355 Petotontr'
1066 3312 1153 3357 rostro.
1170 3305 1281 3359 Adtudit

225 3385 260 3438 ris
274 3405 280 3437 ε
295 3384 385 3453 placet.
401 3382 479 3437 Cror.

261 3467 299 3516 15.
316 3465 431 3515 &horter
446 3465 490 3514 r'lle
506 3467 617 3515 montes.
637 3462 726 3530 Felix,

226 3542 268 3596 eui
284 3542 340 3595 talis
352 3542 449 3610 conjux
462 3541 590 3617 obtigerit.

260 3621 474 3690 17.Dumjacetet
480 3623 544 3673 tente
554 3627 682 3672 rer’ocatos
690 3641 728 3673 ru·

223 3703 305 3750 manat
321 3701 417 3750 herbas.
442 3697 497 3750 Nec
518 3715 550 3749 eo
569 3706 726 3764 contentus,

225 3792 286 3825 mox
300 3772 370 3827 addit
382 3790 388 3823 :
402 3782 475 3843 atque
487 3779 573 3827 r'terurn
580 3783 657 3842 pasto
665 3794 726 3842 pos·

225 3853 292 3899 citur
301 3857 360 3900 ante
371 3854 446 3913 cibo,
460 3850 530 3918 quod
543 3860 628 3905 totum
642 3863 680 3905 est
689 3872 727 3904 ru·

226 3927 370 3977 manationis
381 3927 526 3980 artificium.
536 3929 588 3982 Sed
601 3949 680 3998 qnam
687 3949 727 3982 or·

226 4008 303 4063 nate,
317 4019 394 4067 quam
406 4005 505 4072 poetice
519 4007 607 4060 omnia
619 4007 673 4060 baec
682 4028 728 4060 ex-

775 3378 884 3432 tortasse
897 3379 929 3432 ad
941 3380 1056 3449 linguam
1069 3402 1222 3452 procacem,
1233 3404 1281 3452 pe-

775 3462 894 3511 tulantem
907 3461 987 3525 lenae,
1005 3461 1037 3514 de
1051 3482 1101 3531 qua
1115 3465 1191 3533 paulo
1205 3476 1280 3533 post,

775 3538 803 3590 in
815 3541 910 3593 somnii
922 3541 1145 3611 interpretatione.

809 3621 847 3685 24.
858 3623 935 3671 Fodit
945 3628 971 3673 et
980 3626 1099 3675 albentes.
1111 3624 1201 3682 Cedr't,
1213 3623 1280 3691 srag·

775 3707 897 3750 mentum
912 3700 1083 3765 Patauinum,
1105 3699 1176 3768 qnod
1188 3701 1280 3767 placet.

775 3772 969 3842 Scriverianns,
984 3780 1069 3829 Redit.
1095 3779 1205 3828 Tendere
1216 3773 1282 3829 dixit

777 3849 872 3905 Cicero
882 3854 983 3907 Arateis
994 3893 1002 3921 ,
1019 3871 1082 3905 ooo:

775 3942 888 3981 Extremum
897 3945 959 3982 nitens
968 3945 1053 3994 plumato
1060 3953 1139 3990 corpore
1147 3954 1218 3980 corvus

775 4014 846 4054 Πυθίη
855 4015 930 4062 tundit,
940 4024 958 4052 et
965 4015 996 4053 bio
1007 4023 1044 4052 eto.
1166 4016 1239 4055 litu.

226 4080 374 4146 ponuntur!
387 4083 534 4134 Rumr'notto
544 4095 648 4150 autem,
662 4095 726 4139 teate
775 4115 807 4127 -
833 4091 882 4140 Ore
886 4088 984 4169 jabes.
1005 4087 1035 4139 lu
1056 4106 1108 4139 uno
1127 4090 1277 4155 Vaticano,
