2798 4702
195 345 238 409 56
474 344 513 408 Ρ.
542 343 718 413 OVIDII
745 343 967 412 NASONIS

196 544 286 553 -—·-

414 729 417 733 ι
526 672 764 761 ELEGIA
794 673 905 758 XII.

234 1040 266 1080 ΙΙ(
277 1037 412 1080 sturme
424 1037 626 1089 ῙΜΡΜΟΑῊΙΙΚ,
638 1037 704 1089 QUAE
715 1036 931 1078 neruorum!
944 1037 978 1075 AB
990 1035 1080 1078 Amce
1091 1040 1206 1079 NOCTEM

220 1103 228 1121 s
558 1135 703 1175 undenus
715 1136 887 1174 suornm.

194 1264 337 1374 FLETE
355 1325 447 1371 meos
465 1323 576 1383 casus;
591 1297 701 1372 tristes
718 1298 844 1371 rediere
861 1295 1009 1371 tabellae:

239 1414 357 1488 Infelix
375 1412 475 1486 bodie
492 1410 586 1486 litera
603 1440 702 1512 posse
719 1432 829 1508 negat.

194 1532 316 1605 Omina
333 1547 413 1602 sunt
430 1527 557 1629 aliquid
573 1529 696 1602 :modo
716 1558 819 1629 quum
834 1527 999 1603 discedere
1013 1528 1131 1617 vellet,

240 1647 294 1720 Ad
308 1645 409 1720 limen
426 1645 548 1741 digitos
565 1646 689 1721 restitit
703 1646 769 1719 icta
784 1647 888 1745 Nape.

192 1762 297 1836 Missa
313 1762 403 1836 loras
419 1763 540 1836 iterum
558 1763 657 1837 limen
675 1763 813 1835 transire
830 1778 995 1835 memento

240 1878 395 1965 Cautius;
415 1896 513 1979 atque
531 1877 595 1952 alte
612 1878 726 1952 sobria
742 1879 825 1951 ferre
843 1877 970 1979 pedem.

191 1993 241 2066 Ite
258 1993 352 2081 hinc,
372 1993 537 2081 difficiles,
555 1994 707 2067 funebria
723 1992 829 2088 ligna,
849 1991 995 2080 tabellae3
1105 2056 1109 2063 .

238 2109 357 2209 Tuque
374 2108 543 2203 negaturis
560 2137 632 2182 cera
648 2108 766 2182 referta
784 2109 889 2195 notis;

193 2223 320 2319 Quam,
339 2241 443 2324 puto,
463 2224 503 2297 dc
520 2222 627 2318 longae
642 2222 811 2297 collectam
827 2224 908 2297 llore
927 2222 1056 2310 cicutae,

242 2336 347 2412 Melle
363 2338 426 2411 sub
445 2337 559 2411 infami
575 2338 709 2412 Corsica
726 2338 818 2413 misit
834 2338 922 2439 opis3
1222 2375 1250 2409 ιο

223 2537 247 2600 4.
271 2537 320 2587 Ad
335 2539 411 2587 limen
426 2537 520 2602 dr'gs'tos
536 2540 631 2588 reseret
646 2540 700 2587 icta
747 2543 865 2600 trarent,
884 2533 950 2603 pede
969 2533 1049 2586 limen
1067 2530 1249 2594 offenderem

191 2611 381 2678 Nape.Sinistri
389 2612 484 2682 quippe
492 2612 587 2666 ominis
596 2613 649 2666 isto
656 2631 698 2682 pe·
746 2632 803 2667 non
810 2614 951 2683 tangebant
962 2614 1056 2683 igitur,
1070 2611 1130 2677 sed,
1143 2610 1251 2682 pedibus

192 2688 296 2741 durnin
309 2690 399 2743 limine
419 2691 596 2757 offensiones,
618 2692 698 2744 domo
746 2691 885 2760 suspensis,
895 2692 967 2760 quasi
975 2691 1161 2745 inserebantur.
1170 2688 1250 2744 Unde

191 2767 336 2840 praesertim
354 2770 514 2822 exeuntibus.
534 2770 653 2824 Tibullus
666 2787 696 2838 1,
747 2768 864 2835 Stalino,
881 2768 950 2837 apud
970 2769 1055 2823 Plaut.
1079 2767 1166 2822 Casim
1184 2770 1249 2836 817,

192 2846 283 2918 Elegia
295 2864 342 2913 111,
358 2866 404 2920 19:
747 2845 780 2898 ad
792 2864 888 2898 noram
899 2857 1027 2915 nuptam:

191 2936 210 2976 0
219 2937 297 2989 quoties
305 2939 401 2988 ingressus
409 2938 446 2976 iter
455 2937 504 2976 mitri
514 2937 577 2975 tristis
585 2937 627 2976 dixi
746 2935 821 2974 entim
830 2946 888 2984 super
895 2935 961 2972 sttolte
969 2936 1028 2974 limen
1037 2936 1107 2987 pedes,
1117 2949 1167 2975 nove
1173 2948 1251 2987 sponse,

214 3011 317 3051 Offensum
329 3011 349 3049 in
359 3019 414 3062 portu
421 3012 476 3060 ugus
483 3011 558 3048 dedisse
565 3011 647 3062 pedonss
818 3018 883 3057 sospes

191 3108 206 3132 a
220 3085 290 3154 Quoe
298 3084 414 3155 singula,
427 3084 462 3137 aig
474 3082 541 3137 pun·
554 3100 592 3150 Π,
606 3105 634 3153 7,
646 3081 699 3135 im.
746 3078 906 3129 ltssineipeboo,
913 3088 933 3118 st
941 3081 985 3121 viro
991 3085 1135 3133 tuosenpsrsis
1142 3087 1249 3135 superstat

191 3161 328 3233 providam
345 3161 530 3215 mortalitatem
543 3162 698 3227 involvunt,
782 3159 1253 3228 10.Atellasutrasam1·cors1·cam·srt

192 3239 279 3293 solum
291 3239 561 3293 utinteristacertum
572 3241 620 3305 sit,
633 3238 699 3292 nibil
745 3242 810 3304 apri.
827 3237 947 3304 Infame,
970 3259 1017 3292 seu
1035 3239 1103 3292 male
1122 3242 1250 3293 famosum

190 3338 245 3371 esse
258 3317 342 3383 certi,
360 3337 410 3370 nec
426 3317 544 3370 miserius
555 3316 699 3386 quidquam
747 3325 853 3385 propter
870 3316 1092 3384 amaritudinem,
1109 3318 1162 3371 mel
1181 3316 1251 3386 quod

191 3394 699 3464 bomine,autsuperbius.»-Restitr't.
746 3393 866 3447 mittebat
874 3394 956 3448 insula
966 3393 1081 3462 Corsica,
1089 3408 1119 3450 ut
1127 3405 1252 3466 poseque

190 3477 293 3527 Retulit
303 3474 337 3524 V.
352 3472 384 3526 C.
395 3472 457 3525 binc
467 3472 582 3541 suspicor
600 3472 699 3525 rescri-
747 3472 846 3524 taxisut
854 3472 996 3540 plurimum
1003 3474 1111 3540 consita,
1119 3472 1190 3525 unde
1198 3471 1251 3523 mel

189 3551 324 3617 bendum,
338 3552 450 3620 rettudit.
458 3549 567 3603 nouas
581 3552 701 3602 Tmsemt
747 3568 866 3602 amarum
878 3571 938 3620 apes
949 3552 1111 3622 colligebant
1134 3552 1194 3604 Non
1208 3549 1252 3602 abs

169 3632 178 3644 ‘
191 3633 250 3692 r'lla,
265 3627 497 3682 Francosurtensis.
746 3646 775 3680 re
787 3629 865 3698 igitur
878 3629 945 3700 apud
955 3629 1045 3700 Virgil.
1058 3631 1170 3700 byce'das
1180 3637 1252 3695 optat

225 3709 248 3758 5.
265 3707 440 3774 M'ssafhms.
452 3705 553 3759 Totum
564 3704 614 3758 boc
625 3704 700 3758 disti·
747 3725 778 3760 ει
790 3708 894 3775 animo,
907 3718 936 3762 ut
947 3711 1036 3761 Mens
1048 3706 1121 3760 amici
1133 3705 1252 3757 examina

191 3783 261 3837 cbon
274 3784 361 3837 abesse
378 3785 455 3839 vellet
473 3786 615 3852 Francius,
639 3786 700 3854 quia
749 3784 1033 3857 Cyrneasfflorsicas)
1047 3781 1253 3849 tummim,-

191 3861 240 3932 ipsi
250 3861 354 3915 videtur
364 3883 471 3918 sensum
483 3865 636 3918 turbare-
647 3867 699 3918 b·-
747 3874 890 3933 monetque
899 3864 957 3917 alibi
962 3873 1048 3933 poeta,
1054 3860 1149 3930 Georg.
1156 3877 1199 3925 w,
1209 3865 1250 3928 47,

190 3956 247 3990 mn
259 3943 365 3992 tmnss'ae
376 3948 499 3995 memento
514 3945 626 3996 Cautius.
641 3939 699 3994 Ca·
747 3944 804 3995 Neu
811 3949 914 4009 μωρίας
929 3947 1004 3994 tecle&
1015 3957 1093 4007 apum
1109 3944 1198 3990 laxem
1211 3940 1252 3991 si-

193 4015 289 4068 vebant
307 4016 426 4084 inprimis
443 4038 518 4072 novae
533 4030 642 4088 nuptse,
664 4039 699 4073 ne
747 4020 931 4074 nas-Recte
943 4021 1006 4080 suh·
1020 4016 1252 4068 ceraeniminsun·

192 4092 294 4163 sponsi,
307 4091 418 4149 domum
427 4115 510 4164 quum
521 4099 638 4166 primum
651 4096 699 4150 in·
747 4096 837 4153 dendo
850 4096 922 4152 melli
934 4094 1090 4165 supponitur
1106 4096 1137 4149 ab
1154 4096 1251 4165 apibus.
