2798 4702
416 363 655 432 AMORUM
685 366 714 431 1.
743 365 889 433 ELEG.
919 363 989 434 VI.
1189 372 1231 437 u5

163 508 263 578 Arma
280 503 355 604 quis
371 502 441 576 hac
460 503 598 577 timeat?
615 505 691 605 quis
707 532 779 577 non
796 522 849 579 eat
862 504 986 579 ¹obrius
1003 502 1094 579 illis?

211 621 377 720 Tempora
391 619 747 705 noctiseunt;ercute
765 638 863 721 poste
881 649 1012 696 seram·
1118 639 1121 643 ’
1198 643 1232 712 40

165 737 289 810 Lentus
306 737 363 808 es?
378 763 420 808 au
435 763 589 824 somnus,
608 737 667 837 qui
686 766 721 811 se
738 735 822 814 mal'e
839 738 969 838 praebet
984 737 1123 826 amanti,
1218 794 1220 800 .

209 851 322 924 Verba
339 850 448 924 datin
464 869 581 926 ventos
599 881 678 927 aure
695 851 829 954 repulsa
846 855 929 927 tua?

164 966 225 1054 At,
240 966 391 1051 memini,
405 965 530 1066 primo,
550 996 653 1067 quum
672 986 704 1042 te
722 968 827 1043 celare
842 966 1011 1058 volebam,

209 1079 353 1176 Pervigil
370 1081 405 1153 in
422 1080 536 1154 mediae
552 1082 660 1156 sidera
673 1085 783 1158 noctis
800 1113 883 1159 eras.

163 1199 316 1271 Forsitan
334 1215 367 1271 et
384 1213 493 1271 tecum
510 1214 568 1272 tua
584 1227 673 1274 nunc
690 1200 869 1301 requiescit
882 1200 1003 1275 amica:

209 1316 303 1387 Heu!
320 1311 439 1387 melior
456 1332 582 1415 quanto
601 1344 677 1390 sors
696 1334 753 1390 tua
770 1334 858 1391 sorte
872 1318 966 1390 mea!

162 1429 353 1503 Dummodo
371 1430 435 1517 sic,
455 1431 490 1503 in
508 1460 559 1505 me
575 1431 664 1505 durae
679 1432 814 1507 transite
834 1450 965 1507 catenae.

208 1545 375 1646 Tempora
389 1547 499 1621 noctis
516 1565 613 1636 eunt;
633 1566 749 1623 excute
767 1566 865 1650 poste
881 1576 997 1623 seram.

162 1657 348 1733 Fallimur?
364 1691 406 1735 an
420 1691 516 1737 verso
535 1682 722 1739 sonuerunt
737 1665 868 1739 cardine
886 1665 1023 1766 postes?

212 1778 390 1879 Raucaque
407 1808 575 1855 concussae
593 1781 689 1876 signa
706 1780 824 1855 dedere
841 1780 955 1855 fores?

163 1890 341 1981 Fallimur;
356 1894 500 1995 impulsa
517 1915 568 1970 est
584 1897 735 1970 animoso
751 1898 851 1997 janua
865 1914 975 1970 rento.

163 2103 255 2138 comae
264 2090 350 2139 comui.
367 2086 447 2140 Haud
459 2088 512 2141 scio
524 2107 558 2141 an
570 2106 627 2142 uon
638 2088 672 2143 le·
720 2089 917 2156 dormientem,
931 2090 975 2158 qui
988 2089 1067 2159 possit
1077 2089 1109 2142 ad
1122 2089 1233 2143 amicam

162 2162 278 2232 gendum
295 2164 398 2235 potuit,
417 2185 464 2219 uec
483 2170 594 2220 madidis
605 2177 671 2234 eto,
720 2166 896 2220 introducere.
912 2167 995 2236 Quod
1007 2169 1043 2220 ita
1056 2166 1180 2237 planum,
1193 2187 1233 2220 ex·

161 2241 400 2297 utiudicetsenou
410 2264 443 2298 eo
456 2246 606 2299 convivium
615 2265 673 2316 pro-
720 2264 806 2314 presse
824 2244 890 2298 adeo
909 2266 940 2298 ex
962 2246 1022 2315 ipsis
1041 2256 1126 2316 poete
1148 2245 1233 2298 verbis

161 2319 262 2388 tulisse,
275 2341 438 2391 quocomuae
449 2322 580 2390 fluerent,
594 2328 672 2379 lale-
721 2323 820 2384 elucet,
846 2333 876 2377 ut
899 2323 1129 2394 interpretandum
1149 2323 1232 2376 libens

161 2405 248 2452 matur
255 2418 270 2453 e
277 2400 361 2470 capite
371 2401 556 2454 convivarum:
565 2401 636 2471 quod
643 2411 673 2455 ut
721 2401 855 2455 omiserim
865 2441 872 2466 ,
885 2402 935 2455 nisi
944 2402 971 2455 iu
981 2399 1182 2470 interpretando
1189 2399 1232 2452 alii

160 2477 256 2531 facilius
277 2478 377 2546 lieret,
403 2498 509 2534 corone
530 2480 673 2550 unguentis
720 2480 910 2533 oberraverint.

160 2555 347 2612 imorabautur.
370 2560 400 2613 Si
419 2579 483 2613 vero
500 2570 595 2630 sponte
615 2580 676 2614 nou.
754 2560 794 2627 43.
813 2562 895 2625 (laum
914 2563 940 2609 le
951 2560 1034 2610 celum
1047 2558 1170 2609 uolebam.
1190 2554 1235 2606 Mc

160 2636 308 2703 defluerem,
321 2636 509 2691 scindebantur
520 2648 566 2691 aut
584 2636 674 2693 detra·
721 2641 805 2689 celare
825 2638 959 2696 uolebam,
986 2644 1088 2704 septem
1107 2631 1235 2685 codices:

159 2710 308 2776 luebantur3
329 2733 359 2766 ac
370 2712 498 2782 proinde,
514 2715 586 2769 velut
597 2715 673 2785 signo
721 2724 835 2784 quatuor
844 2752 852 2780 ,
862 2719 888 2764 le
894 2716 1021 2766 solebam:
1029 2722 1108 2766 recte.
1118 2710 1233 2776 Canace,

161 2786 236 2851 dato,
250 2790 424 2842 convivarum
436 2791 542 2861 quisque
554 2791 673 2846 effunde·
720 2795 752 2845 id
758 2797 784 2845 lc
795 2795 932 2844 celavimus
938 2811 1022 2844 auum.
1034 2791 1103 2845 Fast.
1116 2806 1156 2856 tv,
1172 2792 1233 2861 149:

161 2865 240 2919 batur
252 2867 280 2919 in
291 2866 424 2936 amplexus
436 2870 505 2936 ejus,
516 2888 574 2939 qum
584 2870 674 2940 proxi·
725 2871 763 2922 lli
774 2875 846 2937 tegat
856 2872 905 2922 hoc
915 2873 1028 2938 celetque
1038 2874 1107 2922 vim
1121 2871 1235 2922 Fortuna

163 2962 208 2996 ma
217 2943 241 2996 ei
253 2943 388 2999 assidebat.
401 2945 524 3016 Insignis,
536 2948 604 3001 etad
615 2939 673 3000 rem
721 2951 806 3000 caralit
816 2948 934 2999 Pmslal.
946 2948 1046 3002 Hatita.

162 3032 282 3075 nostram
299 3022 443 3092 plurimum
454 3024 567 3092 faciens,
592 3025 674 3078 Tullii
755 3028 794 3094 47.
810 3027 842 3079 lu
859 3044 899 3077 me
918 3027 986 3077 dum
1004 3030 1112 3078 transite
1131 3028 1235 3076 calere.

161 3098 246 3166 locus,
259 3100 366 3154 Tuscul.
385 3102 486 3171 Quart.
498 3119 535 3156 v:
550 3125 563 3148 «
581 3103 675 3173 ltaque
724 3104 796 3155 Vere
804 3102 885 3172 igitur
893 3108 997 3164 catena,
1009 3099 1235 3168 etduraquidem,

157 3178 338 3248 -uecpulchros
345 3179 401 3233 illos
407 3179 632 3234 administratores
638 3200 675 3235 as·
722 3182 822 3251 ianitor
830 3191 887 3234 erat
893 3180 1051 3250 impeditus,
1061 3198 1144 3247 quum
1156 3196 1237 3247 exop-

162 3255 674 3327 piciebat,necpleuumartisargentum,
724 3272 762 3316 tet
779 3259 891 3315 Ovidius
913 3271 943 3313 ut
966 3260 994 3312 in
1013 3260 1100 3328 ipsum
1118 3258 1236 3328 janitoris

162 3351 212 3386 nec
222 3351 334 3385 manum
346 3335 495 3404 porrigebat
503 3334 536 3388 ad
546 3355 675 3390 mensam·
723 3344 820 3392 caleue
838 3343 971 3390 transeant
979 3376 986 3398 ,
1006 3335 1105 3404 modo,
1126 3346 1156 3389 ut
1175 3334 1235 3398 ille,

161 3410 224 3464 Jam
238 3412 300 3481 ipsae
310 3415 592 3480 defluebaulcomue.»
723 3435 779 3470 cum
790 3420 1032 3484 amicamquiescal.

192 3491 234 3556 41.
247 3492 347 3543 buius
355 3495 408 3547 es?
426 3510 462 3544 au
475 3511 578 3544 somnus
588 3498 633 3561 qui
646 3500 673 3545 ie
756 3496 796 3565 49.
808 3496 1008 3548 Fallimur?au.
1022 3489 1113 3544 Codex
1124 3488 1233 3552 Donat,

162 3571 227 3619 male
232 3572 332 3635 prebet
340 3576 446 3624 amanti.
466 3571 576 3636 Scribe,
594 3577 675 3640 quise
716 3571 860 3639 fallamus?
870 3578 925 3625 aul.

161 3649 451 3714 malepmlelamauli:
463 3658 541 3718 atque
550 3648 586 3702 ita
594 3648 675 3702 codex
756 3653 796 3702 51.
811 3653 941 3704 Fallimur.
954 3647 1026 3702 Male
1038 3647 1066 3699 in
1076 3644 1179 3699 Aldinis
1190 3663 1237 3698 co-

162 3723 277 3790 nouae,
291 3736 319 3778 et
329 3726 444 3779 Samnii
455 3765 462 3791 ,
475 3737 503 3780 et
515 3725 677 3780 Aruudelia-
724 3724 823 3779 dinibus
835 3726 1022 3794 interrogative
1037 3724 1147 3794 legitur:
1159 3742 1237 3792 supra

162 3821 217 3856 nus
226 3803 419 3857 Hurusliecte
430 3803 588 3868 additmale,
599 3805 674 3874 quia,
724 3804 796 3857 euim
813 3805 975 3873 interrugat3
994 3803 1036 3856 hic
1053 3812 1143 3855 autem
1162 3801 1235 3854 affir-

162 3888 226 3933 tsste
242 3880 338 3934 Servio
347 3880 381 3933 ad
394 3883 467 3952 Virg.
482 3900 517 3949 x,
533 3882 597 3934 AEn.
609 3883 674 3948 321,
723 3892 779 3935 mat
788 3901 794 3935 ι
802 3881 874 3935 uude
884 3893 1022 3936 etcausam
1031 3881 1135 3945 reddit,
1147 3880 1237 3933 diceus

159 3958 341 4022 pmlem'boua
353 3957 488 4013 dicuutur.
501 3988 535 4000 -
544 3963 588 4014 Au
599 3979 676 4011 som·
723 3965 889 4027 impulsaetc.
902 3961 982 4012 ΜΑι.
990 3989 1023 4000 -
1034 3962 1165 4012 Animosa.
1177 3960 1237 4011 Ad-

163 4051 221 4096 rus,
235 4043 312 4105 quise
319 4040 387 4090 male
390 4041 595 4106 prelelamauli.
604 4035 676 4091 Nihil
724 4057 794 4091 uerso
806 4038 994 4107 Neapolitanus
1007 4058 1014 4091 ε
1027 4037 1098 4108 quod
1111 4046 1169 4107 apte
1183 4036 1238 4105 qui·

164 4115 261 4166 amanti
273 4115 364 4184 pejus,
378 4133 460 4187 quarn
471 4116 545 4171 illum
554 4116 675 4173 iuvenire
724 4115 786 4169 dem
798 4115 918 4184 explicari
930 4126 1035 4185 potest,
1048 4127 1076 4170 et
1085 4115 1148 4168 olim
1157 4113 1237 4166 etiam
