2804 5152
154 748 222 836 416
430 746 468 812 e.
501 744 936 817 ov1n11unsours

201 884 351 988 Cydippe
365 911 436 957 non
453 903 503 959 est
520 885 605 974 oris,
622 887 787 974 llomem,
804 886 863 961 tui.

153 1005 240 1104 Quis
258 1003 340 1076 serat
356 1000 605 1077 Andromaches
621 1019 832 1103 peragentem
850 998 982 1072 Thaida
1000 1006 1157 1101 partes?

203 1119 337 1204 Peccat,
356 1117 391 1188 in
403 1116 633 1191 Andromache
651 1117 781 1191 Thaida
796 1117 825 1190 si
843 1116 919 1215 quis
939 1135 1032 1212 agat.

155 1235 258 1309 'l'ha'is
275 1233 310 1305 in
330 1234 410 1306 Arte
427 1261 522 1306 mea:
538 1233 670 1308 lascivia
686 1232 791 1307 libera
808 1249 923 1306 nostra
940 1251 1006 1306 est.
1195 1258 1241 1312 sss

204 1348 262 1422 Nil
278 1348 359 1421 mihi
376 1376 450 1421 cum
466 1348 546 1422 vitta
561 1380 569 1421 :
585 1350 688 1423 Thais
703 1350 740 1421 in
756 1351 837 1423 Arte
855 1376 927 1422 mea
943 1366 1010 1423 est.

158 1465 195 1538 Si
210 1493 281 1538 mea
295 1465 436 1537 materia
453 1464 634 1563 respondet
651 1465 750 1537 Musa
763 1464 902 1561 jocosae,

207 1578 373 1665 Vicimus,
389 1593 423 1649 et
438 1575 510 1649 salsi
531 1577 677 1650 criminis
695 1597 766 1651 acta
783 1607 839 1652 rea
855 1594 916 1651 est

160 1697 346 1794 Rumpere,
361 1691 445 1764 livor
462 1692 562 1777 edam
576 1693 815 1791 jam-magnum
832 1720 957 1766 nomen
973 1692 1168 1769 habemns!

209 1809 320 1905 Maius
339 1808 420 1891 erit;
438 1825 583 1895 tantum,
599 1837 665 1909 quo
684 1808 767 1908 pede
785 1808 902 1907 caepit,
917 1825 982 1881 eat.

162 1930 228 2005 Sed
244 1931 383 2004 nimium
399 1956 557 2030 properas
575 1929 701 2003 :vivam
717 1929 836 2002 modo!
851 1928 950 2029 plura
966 1927 1137 2019 dolebis3

210 2054 254 2123 Et
271 2052 407 2151 capiunt
421 2050 520 2123 animi
539 2049 681 2123 carmina
699 2048 803 2125 multa
820 2050 894 2124 mei.

162 2175 248 2245 Nam
262 2173 372 2271 juvat,
391 2189 423 2244 et
440 2170 587 2245 studium
604 2170 697 2247 larua
713 2173 796 2247 mihi
812 2171 931 2246 erescit
946 2201 1091 2248 amore:

198 2391 255 2444 382.
269 2392 384 2462 Cydippe.
393 2388 477 2456 Cujus
487 2389 602 2444 nominis
611 2409 671 2461 poe·
715 2397 882 2460 posuerimus.
890 2391 1027 2461 Legeham
1037 2391 1236 2462 aliquandopro

166 2487 209 2520 ma
221 2467 356 2535 scripserat
369 2464 559 2531 Callimachus,
573 2486 603 2520 cr
618 2485 671 2536 quo
719 2475 833 2521 carmena
843 2473 934 2527 malta.
948 2471 1032 2521 cella.
1044 2469 1152 2523 Herus.

166 2547 312 2615 fragmenta
322 2544 354 2595 ab
366 2544 478 2613 antiquis
489 2543 672 2598 Grammaticis
751 2547 808 2619 393.
816 2546 1017 2612 Stadiumfanrae
1025 2549 1237 2600 nette'crescnta

97 2652 103 2659 ·
167 2624 288 2676 citantur.
308 2620 375 2672 Vide
388 2621 498 2674 celeber.
510 2621 671 2688 Bentleium,
719 2645 785 2678 nore.
803 2625 889 2694 Lege,
895 2625 979 2692 same
993 2627 1109 2687 honore,
1125 2636 1158 2678 ut
1171 2623 1237 2695 apud

166 2699 198 2752 ad
216 2701 374 2768 Fragmenta
387 2696 556 2764 Callimachi,
574 2709 600 2752 et
614 2716 672 2767 qum
720 2703 848 2767 Statium,
864 2701 1000 2767 Theh.'11,
1015 2702 1084 2774 haq:

168 2777 200 2830 ad
214 2777 294 2845 Epist
308 2775 440 2846 Cydippes
454 2777 608 2828 notavimus.
721 2793 855 2844 vosquoque.
865 2791 998 2841 thespiades,
1008 2792 1158 2832 emissemus
1169 2792 1239 2832 bom

200 2852 255 2904 383.
266 2852 404 2917 Qtttitsml.
414 2851 520 2904 Rectius
527 2852 567 2903 aiil
575 2892 582 2918 ‚
587 2853 672 2919 ferale·
720 2864 822 2903 Areuerim
832 2863 883 2902 sam
890 2862 902 2902 ἲ

169 2942 196 2985 et
208 2942 265 2984 tum
276 2931 395 2999 sequenti
407 2950 498 2998 semar,
511 2934 602 2984 Perre!
608 2950 672 3000 quo-
722 2937 757 2989 Et
764 2935 833 2988 idem
841 2936 883 2989 lih.
897 2935 923 3001 l,
937 2935 1002 2989 silv.
1014 2953 1055 3005 cv,
1069 2939 1107 3009 96
1117 2960 1125 2992 :
1136 2942 1238 2992 Honore

170 3030 221 3080 que
233 3013 265 3065 sit
284 3008 458 3064 scribendum.
478 3012 574 3079 dl'qm's
592 3019 668 3078 apt,
720 3019 840 3066 carmina.
863 3011 928 3081 Quo
944 3014 1054 3083 respicit
1072 3035 1148 3071 unus
1161 3016 1236 3070 codes

170 3090 329 3142 etiamrecte
342 3089 426 3157 prima
439 3087 533 3154 editio,
548 3107 608 3141 cum
623 3090 674 3142 Pu·
723 3091 877 3156 Patavinus,
888 3089 917 3142 in
930 3109 1002 3159 qno,
1015 3095 1143 3147 honeste.
1156 3094 1235 3147 Editio

170 3176 264 3218 teaneo
275 3177 302 3218 et
314 3165 402 3218 multis
413 3164 475 3218 aliis.
486 3166 584 3219 Hnrns.
721 3169 805 3237 prima
824 3178 851 3221 et
868 3167 956 3236 scripti
976 3170 1110 3222 nonnulli
1124 3213 1132 3239 ,
1153 3190 1235 3223 auom

203 3246 259 3311 384.
272 3247 467 3297 Andromaches.
480 3243 634 3313 Euripidem
646 3255 673 3297 et
721 3245 774 3300 Sed
782 3265 863 3315 quum
870 3246 968 3315 Regius
975 3256 1004 3298 et
1010 3247 1132 3302 Putean.
1140 3270 1154 3302 a
1162 3268 1235 3302 manu

172 3321 352 3377 Menandrum
365 3323 485 3391 respicit,
507 3341 619 3391 quorum
631 3324 681 3376 ille.
721 3324 961 3393 primaaqnoscaut,
971 3328 1236 3387 millensimum

172 3399 398 3465 Andromachen,
427 3417 486 3469 qum
507 3409 605 3466 exstat,
632 3400 674 3454 hic
722 3399 834 3465 aliiser,
853 3405 945 3452 crescit
959 3403 1069 3465 honor&
1091 3405 1236 3473 fortelegas

172 3477 466 3543 Tha's'daComcediam,
479 3496 536 3547 quc
545 3476 673 3546 deperiit,
722 3477 834 3545 rectius,
852 3475 933 3542 same
952 3483 1067 3531 studium
1084 3485 1155 3536 πίλα·
1166 3485 1239 3535 cessit

171 3557 296 3611 ediderat.
310 3557 417 3610 Tha'r'dis
430 3557 573 3610 Menandri
585 3558 674 3610 memi·
722 3558 823 3617 hrosi,
836 3555 891 3620 sel,
904 3559 989 3608 cedet:
1001 3560 1109 3612 namin
1124 3580 1179 3614 nno
1191 3561 1236 3610 Va

172 3635 211 3688 nit
224 3634 366 3699 Martialis,
380 3634 422 3686 lib.
433 3635 509 3701 XIV,
521 3635 608 3704 Epigr.
622 3637 674 3706 187.
723 3635 808 3688 tieano
822 3645 877 3701 est,
894 3637 981 3687 credet.
996 3635 1042 3690 Sic
1061 3641 1129 3692 berre
1140 3643 1232 3697 cedem

203 3713 261 3768 385-
273 3714 365 3766 latera
374 3721 460 3766 nostra
472 3722 516 3766 est.
530 3716 675 3766 liberm-
722 3713 790 3766 Fast.
802 3713 843 3778 ll,
858 3713 913 3765 380.
922 3711 964 3765 De
977 3732 1042 3767 voce
1056 3719 1173 3771 honorus
1182 3715 1236 3769 vide

171 3793 224 3850 hs,
238 3791 324 3843 vossii
334 3790 432 3844 codex:
448 3791 544 3844 deinde
562 3795 603 3843 ml
615 3794 679 3844 mhi
722 3788 812 3842 Barth.
821 3789 852 3842 ad
863 3789 1021 3843 Stat-Theb.
1034 3808 1077 3859 tv,
1086 3794 1139 3861 624
1153 3816 1159 3846 ι
1173 3791 1236 3848 etad

171 3889 226 3923 cum
237 3878 330 3936 rupta,
345 3869 473 3922 editiones
489 3870 576 3937 prisctc
591 3880 618 3922 et
630 3871 675 3923 vi-
722 3867 855 3921 laudatum
864 3867 950 3920 locum
959 3868 992 3920 ab
1002 3870 1132 3937 Heinsio,
1145 3873 1188 3925 lib.
1198 3871 1234 3933 ll,

174 3945 244 4015 genti
257 3956 309 3998 tres
322 3945 430 3999 codices.
722 3948 766 3999 nbi
780 3947 940 4000 usitatiorem
954 3966 1010 4001 aevo
1032 3949 1234 4004 barbarissanti.

206 4024 262 4096 ³9²·
272 4027 415 4089 Elcaps'ent
422 4028 605 4075 annicarm'ra
613 4027 676 4075 mul·
723 4044 800 4093 quarn
809 4025 906 4079 latino.
924 4043 1019 4078 rocem
1031 4025 1100 4081 dicit
1115 4040 1162 4082 :et
1171 4037 1235 4082 certe

172 4106 200 4151 ta
212 4105 267 4151 mei.
288 4099 383 4167 Scripti
398 4118 452 4151 non
465 4101 555 4168 pauci,
576 4106 678 4167 capies!
724 4101 790 4170 apud
802 4101 903 4155 Silium.
915 4102 972 4154 Val.
983 4102 1071 4157 Flore.
1085 4115 1114 4158 et
1127 4106 1235 4159 Statium

169 4182 448 4244 anamicarmhaplura
459 4183 557 4245 :plura
571 4198 675 4247 quoque
723 4180 932 4248 frequentissime
942 4183 1059 4234 occurrit
1071 4198 1078 4231 ε
1094 4184 1163 4254 apud
1174 4183 1237 4235 Nos-

171 4254 252 4308 codex
263 4255 351 4308 Juresi
362 4276 368 4309 ε
381 4262 492 4323 capiunt,
507 4258 611 4327 Regius.
622 4259 676 4310 Po·
724 4268 804 4323 num,
812 4257 880 4326 quod
887 4258 976 4324 sciam,
984 4279 1138 4329 nunquam.
1147 4261 1239 4328 Quare

171 4331 254 4384 litiani
265 4332 347 4400 liber,
365 4340 466 4401 capri-nt
474 4341 556 4387 anrhrr'
564 4340 677 4388 carmrlra
723 4338 874 4406 praeferrem
893 4354 977 4402 saue,
1003 4341 1137 4400 honeste,
1162 4339 1237 4402 cujus

171 4428 262 4477 magna
268 4419 334 4463 mei:
345 4414 414 4480 quod
428 4415 526 4483 placet,
540 4414 621 4467 modo
632 4434 676 4468 ca·
724 4415 832 4483 glossam
845 4432 898 4466 esse
911 4423 990 4482 puto,
1005 4418 1121 4482 honore,
1137 4426 1167 4469 ut
1177 4415 1238 4468 scri-

167 4493 309 4551 piunlcnm
320 4490 402 4558 Regio
415 4492 549 4547 admittas:
562 4492 623 4546 hinc
634 4511 677 4544 ca·
724 4494 785 4547 here
793 4492 971 4548 solebantaero
980 4491 1119 4549 deteriore
1129 4495 1242 4551 librarii.
