2798 4702
195 322 239 385 oo
483 315 522 380 P.
553 314 732 385 OVIDII
760 315 990 387 NASONIS

194 451 284 524 Huic
299 447 422 522 furtiva
439 464 499 521 tuo
516 447 653 524 libertas
669 479 805 525 munere
823 451 939 539 detur;

243 565 357 662 Quam
374 563 505 639 dederis
520 563 588 654 illi,
607 565 725 640 reddat
742 585 781 642 nt
795 564 853 641 illa
870 567 944 641 tibi.

194 681 360 756 Conscius
377 708 448 755 esse
464 679 546 755 velis
562 709 572 754 :
588 680 724 756 domina
740 700 792 756 est
807 683 955 757 obnoxia
971 711 1077 759 servo.

241 798 406 872 Conscius
420 824 492 871 esse
504 797 601 870 times
615 825 624 870 τ
638 796 848 872 dissimulare
860 796 952 873 licet.
1071 887 1084 909 x

194 914 326 1015 Scripta
342 911 429 1008 leget
445 941 557 988 secum
574 942 584 986 ε
598 931 737 988 matrem
752 915 882 990 misisse
895 933 1024 1017 putato.

241 1029 380 1104 Venerit
395 1030 534 1124 ignotus
551 1029 755 1129 :postmodo
770 1050 873 1105 notus
891 1051 953 1105 eat

193 1145 265 1221 lbit
280 1144 323 1218 ad
339 1143 520 1232 adfectam,
537 1173 610 1245 quae
626 1173 696 1217 uon
714 1143 908 1242 languebit,
927 1147 1066 1222 amicam

241 1269 374 1355 Visere;
389 1267 525 1366 judiciis
543 1295 629 1363 aegra
645 1266 691 1340 sit
705 1266 763 1342 illa
779 1269 857 1343 tuis.

192 1392 230 1466 Si
244 1391 344 1466 faciet
362 1390 470 1476 tarde,
489 1407 579 1464 nete
597 1418 693 1463 mora
709 1388 811 1486 longa
823 1392 962 1488 fatiget,

240 1498 403 1614 Imposita
420 1511 546 1607 gremio
565 1529 701 1586 stertere
718 1514 828 1587 fronte
846 1534 954 1615 potes.

193 1639 263 1711 Nec
281 1654 334 1722 tn,
353 1632 527 1728 linigeram
543 1631 615 1706 lieri
633 1633 716 1734 qnid
732 1636 841 1736 possit
858 1637 900 1709 ad
918 1637 1008 1725 Isin,

242 1756 424 1854 Quaesieris
437 1785 446 1831 ε
459 1784 521 1831 uec
539 1772 577 1830 tu
594 1784 693 1830 curra
711 1757 838 1832 theatra
854 1758 943 1831 time.

228 1974 268 2026 15:
283 1973 387 2026 Furtim
402 1974 516 2025 trudas.
533 1970 625 2041 Quam
640 1970 705 2039 tibi,
754 1970 923 2042 Tranquillus
930 1969 1009 2025 etiarn
1016 1969 1050 2025 de
1057 1968 1168 2025 Othone
1177 1985 1185 2020 ε
1194 1969 1262 2024 «Sa-

193 2069 278 2121 qntun
288 2049 400 2103 minime
412 2049 573 2120 speraveris,
590 2059 617 2103 et
632 2049 706 2118 quasi
753 2071 813 2119 cra,
825 2057 920 2120 iuquit,
934 2051 1014 2105 etiam
1025 2049 1099 2104 laidis
1109 2068 1177 2120 stepe
1190 2049 1217 2101 iu
1228 2053 1263 2100 te·-

184 2130 279 2200 sartr'm
294 2127 412 2182 donabit.
430 2155 464 2167 —
479 2129 536 2180 Tuo
546 2145 652 2179 mre.
672 2126 705 2179 ln
753 2149 803 2183 nea
813 2130 983 2200 religiosaque
994 2138 1065 2182 veste
1077 2127 1212 2197 propalam
1222 2145 1262 2178 ce·

193 2207 273 2262 officii
281 2206 367 2260 vicem
378 2206 449 2275 quod
459 2205 495 2258 illi
506 2205 706 2274 praearmat
752 2206 889 2261 lebravitn
903 2208 936 2261 ln
944 2206 1060 2277 quodam
1072 2217 1161 2260 tamn
1173 2202 1262 2256 codice

194 2285 303 2359 quidde
316 2296 361 2340 tua
372 2283 505 2355 vigilantia
517 2284 656 2338 remiseris
752 2284 861 2356 legitur,
873 2288 1033 2352 Netiffeaeam:
1043 2302 1101 2359 quae
1111 2282 1187 2335 lectio
1196 2279 1264 2333 mibi

226 2363 706 2431 ar.1br'tutadsectarr,queuoalau-
752 2383 808 2417 uon
829 2364 965 2434 displicet:
980 2383 1043 2418 nam
1060 2364 1120 2417 licet
1138 2361 1186 2426 lo,
1204 2379 1263 2430 que

189 2447 407 2513 ‘reliquentem
419 2444 510 2505 Vnae
517 2442 706 2509 judiciium
753 2453 843 2512 postea
866 2445 917 2496 Isis
935 2443 984 2497 dea
1003 2444 1070 2496 lacta
1089 2451 1146 2507 est,
1171 2439 1264 2493 Inachi

193 2529 232 2576 sr't
240 2525 286 2576 ille
297 2527 357 2576 terit.
377 2522 443 2575 Hrec
461 2518 536 2573 valde
547 2529 609 2573 eunt
621 2537 706 2572 men·
752 2520 827 2575 fluvii
840 2521 945 2576 Achaia
957 2521 1009 2574 filia
1021 2520 1116 2585 suerit,
1135 2529 1223 2571 tamen
1235 2526 1264 2570 et

194 2603 265 2658 dosa
276 2603 372 2672 Scripti
384 2602 520 2672 plerique,
539 2601 593 2652 Ibit
605 2601 706 2651 adad-
753 2600 813 2671 quia
828 2601 857 2654 in
871 2600 986 2671 AEgypto
1002 2597 1072 2669 apud
1083 2596 1174 2652 Nilum
1190 2595 1262 2664 pris-

186 2684 304 2750 fh'clam,
322 2679 380 2744 vel,
397 2678 588 2746 adadseclam,
605 2687 632 2729 et
644 2694 706 2745 poa-
752 2680 837 2732 tinam
853 2680 967 2732 formam
984 2678 1099 2748 recepit,
1122 2676 1210 2745 ibique
1229 2675 1262 2727 ab

193 2769 250 2824 tea,
269 2760 346 2810 Visa!
353 2762 382 2808 et
389 2759 501 2808 iudicati.
514 2755 589 2808 Alter
601 2755 705 2807 Putea·
752 2757 874 2828 AEgyptis
883 2758 1025 2824 colebatur,
1034 2755 1096 2810 inde
1108 2755 1196 2825 genita
1203 2773 1264 2807 cre·

192 2854 276 2901 uene,
292 2836 402 2887 Vr'selel
411 2836 522 2886 ludicris.
534 2832 705 2885 Sarrarianus
751 2834 831 2887 ditur.
851 2835 1015 2903 Quanquam
1030 2846 1057 2889 et
1074 2833 1171 2888 adbuc
1186 2832 1262 2885 saciat

147 2935 150 2940 ·
192 2932 256 2968 eum
264 2921 378 2981 quatuor
386 2910 457 2976 aliis,
471 2911 704 2978 meaquejudiceu.
751 2930 846 2965 eorum
857 2912 961 2981 opinio,
972 2913 1017 2981 qui
1028 2911 1150 2964 dixerunt
1163 2908 1261 2964 laidem

192 2991 302 3053 Scribe,
324 2999 353 3042 ut
365 2988 536 3042 admisimus:
750 2989 825 3043 Jovis
841 2988 950 3061 AEgypti
972 2989 1039 3058 regis
1059 2989 1140 3041 filiam
1164 2988 1261 3052 fuisse,

191 3075 381 3124 ¹5⁸⁸!th
395 3074 693 3127 qur-mmmmm
751 3067 917 3135 eandemque
940 3086 1002 3122 cum
1024 3066 1124 3120 Cerere
1140 3086 1211 3132 esee,
1231 3077 1263 3118 ut

218 3149 303 3190 Viffl?
315 3149 487 3202 judiciis->pute
496 3149 530 3192 5¹¹·
538 3148 586 3187 Μ’·
751 3145 885 3200 Diodorus
892 3145 987 3200 scribit
998 3146 1076 3198 Mun.
1087 3143 1179 3198 Codex
1187 3145 1261 3198 Don-

191 3226 245 3277 ltu
255 3229 353 3288 visere,
373 3233 412 3277 est
424 3222 581 3277 Grecismus
599 3221 682 3291 poetis
695 3259 703 3288 ,
751 3244 802 3290 ae,
813 3227 969 3293 lanigeram,
983 3242 1045 3277 curn
1057 3222 1108 3277 hoe
1119 3223 1262 3293 glossema-

193 3302 307 3356 maxime
318 3301 474 3372 Propertio,
487 3299 628 3354 familiaris·
642 3299 678 3352 H·
750 3313 777 3357 te
790 3315 823 3352 2¹«
833 3303 989 3373 Lanigerum
1000 3301 1075 3368 dicit,
1088 3302 1149 3371 quia
1161 3301 1261 3355 Sacer-

225 3381 705 3451 23.s·fi1cettarde.prosacnfica-
750 3380 825 3435 dotes
844 3379 918 3435 Isidis
941 3380 1096 3435 deserebant
1122 3379 1261 3433 flosculum

190 3463 241 3526 tit,
255 3460 416 3530 explicabant
428 3459 521 3512 Doura
530 3469 557 3511 et
564 3457 704 3510 Bersmau·
750 3460 816 3514 laute
828 3479 906 3529 supra
921 3471 999 3530 caput
1010 3479 1106 3527 auum,
1127 3459 1155 3512 iu
1168 3457 1260 3510 bono-

190 3557 263 3606 nus,
281 3548 345 3592 nota
361 3537 433 3591 verbi
452 3535 650 3606 significatione.
667 3534 705 3587 Et
750 3557 808 3591 rern
820 3539 877 3606 ejus
896 3537 960 3592 dete.
973 3567 1008 3579 -
1019 3541 1093 3592 Jvt'en'
1105 3539 1263 3606 qur'alpossr‘t

190 3617 272 3671 susim
283 3616 410 3686 explicat,
424 3613 494 3683 quod
506 3613 641 3681 sequitur:
749 3620 789 3670 ad
799 3619 861 3670 Isia.
882 3615 966 3686 Cujus
978 3617 1055 3671 sacris
1070 3616 1130 3670 ideo
1148 3634 1176 3668 se
1198 3614 1260 3666 Ro-

215 3706 429 3759 Noetwnfim'quid
438 3704 596 3758 emit-dbin»
749 3714 836 3750 manre
856 3695 1035 3761 addicebant,
1061 3712 1113 3764 quo
1140 3692 1260 3744 licentius

192 3779 306 3830 quateris.
749 3779 825 3831 omni
844 3789 997 3848 stuprorum
1014 3774 1126 3847 generi,
1149 3773 1260 3825 obtento

226 3856 265 3905 25.
284 3855 436 3923 Labr'geram.
450 3852 524 3922 Quia
536 3853 592 3920 eius
604 3853 704 3907 Sacer·
749 3858 882 3929 religionis
906 3856 985 3922 velo,
1012 3851 1188 3922 indulgerent.
1216 3850 1260 3903 De

191 3928 266 3982 dotes
278 3929 353 3985 lineis
365 3932 478 3986 vestibus
489 3932 574 3985 indoti
587 3932 704 3986 celebra-
752 3934 832 3990 Casto
861 3934 935 3989 Isidis
955 3930 1044 3986 omnia
1061 3931 1115 4000 jam
1138 3929 1260 3998 vulgata:

191 4007 270 4060 baut:
279 4008 544 4073 undeMart.lib.xrt,
553 4010 601 4080 Ep.
610 4032 651 4084 aq,
661 4033 703 4086 rq:
750 4013 895 4082 Templum
905 4021 1009 4076 autem,
1022 4009 1050 4062 in
1063 4007 1167 4078 Carnpo
1178 4007 1259 4061 Mar-

189 4094 276 4145 ιῑιιμη·
287 4094 366 4145 suum
376 4096 443 4145 uto,
456 4097 572 4150 usu-uque
584 4097 650 4136 rut..
750 4092 801 4159 rio,
821 4091 893 4159 juxta
912 4087 997 4142 Ovile.
