2798 4702
395 384 627 451 Amonum
655 385 707 451 11.
737 386 885 453 ncnc.
912 388 1003 456 vn.
1174 332 1270 459 ,οἷ’
1317 402 1325 410 ·
1357 355 1380 370 ”

219 518 259 591 si
274 517 387 619 culpo,
408 521 532 596 crimen
550 522 755 597 dissimulare
773 542 881 624 putas.

171 636 243 711 Sive
259 637 370 711 bonus
384 637 478 712 color
492 658 561 726 est,
577 641 613 712 in
632 658 663 714 te
683 668 817 741 quoque
835 641 978 737 frigidus
994 670 1084 733 esse3

219 752 284 826 Seu
301 751 424 839 malus,
442 753 578 828 alterius
595 755 690 828 dicor
704 749 815 832 amore
833 759 928 831 mori.

171 867 282 967 Atque
296 895 359 962 ego
374 869 500 968 peccati
517 867 634 946 vellem
649 871 731 945 mihi
748 873 899 946 conscius
917 876 1043 949 essem!

220 985 332 1085 AEquo
351 985 461 1058 animo
479 989 703 1088 poenam,·qui
721 1017 888 1078 meruere,
907 990 1027 1064 lerunt.

171 1106 267 1181 Nunc
282 1124 403 1181 temere
418 1108 607 1195 insimulas;
624 1110 855 1212 credendoque
873 1114 986 1187 omnia
1002 1113 1145 1202 frustra,

219 1232 297 1329 Ipsa
315 1248 403 1303 vetas
418 1231 500 1304 iram
516 1230 651 1332 pondus
666 1233 789 1307 habere
804 1251 904 1308 tuam.

168 1351 334 1453 Adspice,
354 1370 392 1426 ut
406 1354 533 1427 auritus
548 1354 740 1429 miseranda
758 1356 859 1430 sortis
873 1355 1011 1445 asellus,
1210 1378 1240 1430 15

218 1474 372 1548 Adsiduo
388 1476 536 1549 domitus
554 1478 689 1551 verbere
706 1476 816 1553 lentus
834 1497 897 1553 eat.

174 1597 278 1686 Ecce,
297 1627 420 1672 novum
436 1600 575 1687 crimen,
594 1599 698 1674 solers
715 1629 832 1676 ornare
850 1601 1026 1702 Cypassis,

175 1815 242 1864 dari.
254 1813 371 1866 Francos.
380 1824 466 1867 ettres
478 1813 519 1867 alii
527 1854 535 1882 ,
543 1835 682 1884 seupuarr:
730 1825 780 1880 set,
793 1834 866 1868 nunc
874 1813 1011 1868 insolentia
1023 1812 1150 1868 Corinno
1161 1832 1243 1867 coac-

176 1899 204 1941 et
216 1907 277 1941 mox
294 1889 365 1944 idem
384 1891 504 1945 Francos.
526 1904 553 1945 et
572 1894 681 1947 Palatio.
731 1893 903 1946 tumserelle
917 1891 1000 1954 dicat;
1025 1903 1054 1946 ut
1066 1891 1173 1962 posthac
1182 1911 1241 1946 eam

177 1984 222 2018 seu
230 1971 316 2036 culpas
327 1988 382 2022 non
393 1970 469 2023 male.
482 1971 581 2023 Bonus.
589 1973 684 2024 -lde'-
732 1988 746 2020 a
758 1968 869 2036 querelis
886 1979 913 2021 et
929 1967 1176 2038 reprehensionibus
1191 1986 1241 2020 re-

177 2062 245 2098 seros
258 2051 328 2114 pelas
348 2066 431 2115 usgue
451 2051 566 2116 capillos.
585 2045 682 2100 Gallice
732 2057 844 2099 moreat
860 2047 985 2101 Mantus.

175 2129 278 2177 nestros
291 2129 510 2192 capillossertas,
524 2127 684 2178 leschereus
769 2146 806 2178 ra.
833 2128 887 2192 (lui
901 2146 1026 2188 meruere,
1044 2126 1144 2196 susurri.
1160 2129 1243 2192 llere,

174 2207 220 2268 qui
232 2201 292 2254 r’en
308 2209 421 2269 perirent
437 2207 510 2254 mars.
532 2202 576 2255 Sic
594 2212 684 2256 noster
734 2202 840 2256 Primus
852 2204 933 2256 Palat.
943 2223 991 2273 pro
996 2204 1107 2271 serari:
1122 2214 1149 2257 et
1158 2215 1242 2271 tunc,

173 2278 215 2331 LA
236 2281 405 2333 Fomtnn:
421 2281 478 2332 Bai
495 2279 558 2332 l'air
569 2286 614 2349 qui
624 2281 684 2333 u'err
733 2283 806 2334 modo
817 2287 934 2334 comesus
948 2282 1091 2351 legendum
1104 2292 1177 2337 esset.

169 2366 235 2425 peel
244 2366 318 2412 mari.
769 2359 806 2410 13.
819 2361 892 2411 Nunc
903 2364 993 2411 lcmere
1002 2365 1142 2412 insimulas.
1152 2359 1242 2429 lingis

207 2438 230 2489 8.
242 2438 272 2490 Si
280 2439 362 2504 culpo.
375 2437 406 2489 ln
418 2436 573 2506 quibusdam
590 2444 684 2488 vetus·
733 2434 860 2502 crimina,
872 2454 993 2505 quaenon
1004 2437 1111 2504 probes,
1121 2436 1192 2506 quod
1204 2447 1243 2490 est

173 2514 276 2567 tissimis
295 2514 485 2584 exemplaribus
506 2513 556 2567 hoc
576 2532 684 2567 carmen
734 2514 838 2582 proprie
854 2517 1001 2565 insimulare
1014 2520 1119 2575 terrere,
1140 2533 1175 2566 au
1191 2517 1245 2566 la-

174 2592 209 2645 ita
222 2593 316 2663 iegitur
329 2612 337 2646 2
733 2593 797 2641 sard
803 2606 812 2652 ς
827 2608 904 2656 nam,
916 2601 946 2641 ut
958 2591 993 2643 ait
1002 2591 1110 2644 Festus:
1124 2591 1245 2645 lussmu-

199 2676 219 2714 si
228 2676 260 2714 ens
268 2676 378 2714 cocetum
386 2703 393 2722 ,
402 2676 524 2715 ueniunt-re
533 2685 597 2727 puts.
735 2680 822 2729 usse,
836 2675 929 2722 crimen
938 2674 966 2721 r'rr
978 2673 1087 2740 aliquem
1099 2673 1245 2742 confingere.

178 2747 253 2800 ldem
266 2758 306 2800 est
318 2767 409 2801 sensus
421 2768 427 2801 :
439 2752 472 2803 do
482 2756 592 2812 crissen,
607 2747 634 2803 id
646 2759 685 2803 est
771 2749 808 2798 15·
822 2748 949 2816 Adspice,
971 2756 1001 2801 ut
1010 2756 1108 2801 auritus
1118 2759 1167 2802 etc
1180 2749 1245 2816 Quo

178 2825 316 2878 mendum.
335 2826 412 2879 blas.
735 2825 857 2878 tenderet
875 2825 930 2880 lrsec
948 2827 1018 2880 aselli
1038 2847 1100 2881 cum
1123 2826 1243 2880 Corinna

212 2921 237 2974 p
255 2906 286 2955 lrr
300 2910 325 2955 te
340 2924 439 2973 quoquc.
460 2909 560 2975 Quoque
576 2907 620 2961 hic
632 2908 685 2960 rim
735 2905 914 2973 comparatio,
939 2907 1040 2959 Marius
1055 2907 1092 2959 sic
1113 2903 1245 2973 exposuit:

177 2980 249 3033 illam
260 2980 347 3047 habet,
358 2992 452 3036 utnon
465 2986 688 3054 tantumsrigrdus
737 2981 975 3050 Quemadmodum
986 2984 1094 3051 asellus,
1119 2982 1183 3034 dum
1195 2980 1244 3033 ni-

178 3057 268 3112 sidear
282 3061 309 3112 in
322 3059 377 3113 aliis
389 3061 496 3130 puellis,
509 3061 554 3116 sed
566 3064 645 3116 etiarn
657 3066 686 3116 in
735 3061 821 3113 mium
833 3072 860 3113 et
871 3064 974 3113 assidue
984 3063 1147 3124 verberatur,
1161 3069 1191 3111 ut
1201 3078 1247 3113 ce·

178 3145 221 3203 te,
240 3139 315 3207 eujus
326 3156 417 3191 amore
432 3139 686 3194 ardererelremen-
735 3139 814 3192 lerius
834 3149 896 3204 eat,
919 3139 940 3189 it
957 3150 1047 3191 tamen
1071 3138 1189 3190 lentius:
1209 3136 1247 3191 sic

177 3214 273 3269 tissime
286 3215 424 3269 debebam.
439 3217 537 3271 Russus.
737 3217 849 3273 Ovidius
865 3221 977 3270 assiduis
990 3218 1117 3271 Corinnae
1134 3215 1246 3286 querelis

213 3312 251 3345 ro.
273 3296 357 3347 Dicor
373 3314 459 3348 amore
479 3302 547 3348 mori.
567 3296 688 3350 Fuerunt
737 3306 763 3349 et
782 3296 1006 3365 objurgationibus
1024 3306 1149 3363 rexatus,
1173 3294 1204 3347 lit
1217 3293 1260 3366 iu¹

180 3388 293 3439 quorum
303 3390 378 3425 aures
386 3372 688 3427 delicatulasollenderet
738 3373 792 3427 dies
803 3372 939 3443 frigidior,
959 3384 986 3426 et
998 3375 1026 3426 in
1043 3391 1132 3425 amore
1145 3376 1243 3425 leniter.

178 3447 229 3501 boc
242 3454 384 3518 emissem
407 3449 546 3520 ideoquee
561 3453 689 3507 Vaticano
738 3453 860 3524 Micyllus
876 3471 939 3506 vero
951 3452 983 3505 ad
999 3453 1081 3521 ipsam
1098 3450 1246 3504 Corinnam

178 3539 205 3581 et
218 3529 300 3582 Palat.
312 3530 415 3599 primo,
427 3534 595 3600 cmoresrui5
611 3555 625 3588 e
638 3536 689 3588 Pu·
738 3533 835 3596 refert,
859 3541 886 3584 et
903 3531 1090 3600 interpretatur
1109 3527 1141 3581 de
1164 3528 1245 3597 nimia

177 3616 274 3658 teaueo
296 3613 373 3674 capi,
393 3611 598 3679 supponendum
619 3631 689 3665 cen·
739 3629 790 3679 qua
800 3609 943 3661 delationes
952 3608 1093 3678 excipiebat
1104 3606 1244 3670 facilitate3

174 3694 299 3750 suerunt,
308 3685 532 3741 immemoresboc
541 3689 612 3741 idem
620 3688 690 3758 apud
739 3687 809 3740 unde
819 3687 904 3739 multo
912 3684 1249 3755 minusipsiusiroeporrdus.

176 3761 299 3831 Propert.
311 3763 468 3833 11,Eleg.1,
481 3767 522 3834 47,
534 3784 691 3821 occurrere:
741 3766 816 3833 Quin
836 3783 884 3833 pro
896 3764 976 3834 priori
986 3762 1110 3817 standum
1121 3762 1168 3831 sit,
1181 3762 1248 3816 nihil

180 3861 195 3884 «
210 3839 278 3892 Laus
289 3841 317 3893 in
329 3861 415 3895 aurore
425 3847 496 3894 mon'.
507 3864 528 3896 s.
740 3841 839 3895 dubito.
1012 3841 1015 3847 ’

213 3937 249 3970 ιι.
264 3920 350 3988 Atque
359 3939 407 3987 ego
415 3925 521 3987 peccati
528 3925 619 3975 vellem
630 3925 696 3976 meli
776 3922 907 3990 17.'Ecce,
920 3919 1124 3974 aorumcn'rrrersl
1135 3919 1249 3983 lronicc,

177 4000 295 4049 censeriis
313 4016 380 4049 esse.
413 3997 521 4051 Rectius
545 3997 640 4069 legitur
663 4001 692 4053 in
741 3998 864 4051 Tulliano
874 4000 1005 4066 more,in
1017 3999 1249 4069 LigariotNorum

181 4074 371 4144 exemplaribus
384 4074 555 4143 quibusdam,
568 4081 655 4141 modo,
665 4078 692 4130 id
740 4083 841 4138 crimen,
851 4079 878 4129 C.
886 4080 1026 4130 C'aesaretc.
1035 4075 1116 4145 Quod
1128 4077 1248 4145 quianon

182 4162 221 4207 est
234 4171 307 4206 nunc
318 4171 325 4208 t
337 4153 410 4221 quasi
422 4151 492 4220 quod
505 4163 581 4209 antea
594 4155 695 4210 noluis-
741 4164 895 4231 senserunt,
909 4155 954 4226 qui
972 4153 1100 4209 Ovidium
1120 4154 1184 4207 olim
1203 4170 1254 4205 cx-
