<?xml version="1.0" encoding="UTF-8"?>
<!DOCTYPE html PUBLIC "-//W3C//DTD XHTML 1.0 Transitional//EN"
    "http://www.w3.org/TR/xhtml1/DTD/xhtml1-transitional.dtd">
<html xmlns="http://www.w3.org/1999/xhtml" xml:lang="en" lang="en">
 <head>
  <title>
</title>
<meta http-equiv="Content-Type" content="text/html;charset=utf-8" />
  <meta name='ocr-system' content='tesseract 3.04.00' />
  <meta name='ocr-capabilities' content='ocr_page ocr_carea ocr_par ocr_line ocrx_word'/>
</head>
<body>
  <div class='ocr_page' id='page_1' title='image "./publiiovidiinas00massgoog_0325.png"; bbox 0 0 2798 4702; ppageno 0'>
   <div class='ocr_carea' id='block_1_1' title="bbox 155 258 992 375">
    <p class='ocr_par' dir='ltr' id='par_1_1' title="bbox 155 258 992 375">
     <span class='ocr_line' id='line_1_1' title="bbox 155 258 992 375; baseline 0 -1"><span class='ocrx_word' id='word_1_1' title='bbox 155 310 220 375; x_wconf 76' lang='lat'>320</span> <span class='ocrx_word' id='word_1_2' title='bbox 455 307 494 370; x_wconf 85' lang='lat' dir='ltr'>r.</span> <span class='ocrx_word' id='word_1_3' title='bbox 520 304 698 374; x_wconf 86' lang='lat' dir='ltr'>0v1o11</span> <span class='ocrx_word' id='word_1_4' title='bbox 725 303 947 374; x_wconf 77' lang='lat' dir='ltr'>uasonls</span> <span class='ocrx_word' id='word_1_5' title='bbox 989 258 992 263; x_wconf 39' lang='lat'>¹</span> 
     </span>
    </p>
   </div>
   <div class='ocr_carea' id='block_1_2' title="bbox 156 445 1241 2510">
    <p class='ocr_par' dir='ltr' id='par_1_2' title="bbox 156 445 1241 2510">
     <span class='ocr_line' id='line_1_2' title="bbox 203 445 1008 548; baseline 0 -28"><span class='ocrx_word' id='word_1_6' title='bbox 203 447 329 541; x_wconf 76' lang='lat' dir='ltr'>Magna</span> <span class='ocrx_word' id='word_1_7' title='bbox 345 472 460 520; x_wconf 88' lang='lat' dir='ltr'>canam</span> <span class='ocrx_word' id='word_1_8' title='bbox 474 473 483 518; x_wconf 79' lang='lat' dir='ltr'>t</span> <span class='ocrx_word' id='word_1_9' title='bbox 499 462 574 520; x_wconf 89' lang='lat' dir='ltr'>toto</span> <span class='ocrx_word' id='word_1_10' title='bbox 588 465 742 548; x_wconf 82' lang='lat' dir='ltr'><strong>pectore,</strong></span> <span class='ocrx_word' id='word_1_11' title='bbox 756 445 894 543; x_wconf 79' lang='lat' dir='ltr'>vulgus,</span> <span class='ocrx_word' id='word_1_12' title='bbox 909 447 1008 521; x_wconf 88' lang='lat' dir='ltr'>ades!</span> 
     </span>
     <span class='ocr_line' id='line_1_3' title="bbox 156 560 1114 655; baseline 0.001 -16"><span class='ocrx_word' id='word_1_13' title='bbox 156 561 272 639; x_wconf 76' lang='lat' dir='ltr'>Ardua</span> <span class='ocrx_word' id='word_1_14' title='bbox 289 560 467 635; x_wconf 87' lang='lat' dir='ltr'><strong>molimur:</strong></span> <span class='ocrx_word' id='word_1_15' title='bbox 486 562 545 637; x_wconf 89' lang='lat' dir='ltr'>sed</span> <span class='ocrx_word' id='word_1_16' title='bbox 562 562 670 652; x_wconf 88' lang='lat' dir='ltr'>nulla,</span> <span class='ocrx_word' id='word_1_17' title='bbox 686 566 750 638; x_wconf 82' lang='lat' dir='ltr'>nisi</span> <span class='ocrx_word' id='word_1_18' title='bbox 769 566 887 655; x_wconf 82' lang='lat' dir='ltr'>ardua,</span> <span class='ocrx_word' id='word_1_19' title='bbox 904 567 1020 640; x_wconf 88' lang='lat' dir='ltr'>virtus.</span> <span class='ocrx_word' id='word_1_20' title='bbox 1108 582 1114 596; x_wconf 80' lang='lat'><em>&#39;</em></span> 
     </span>
     <span class='ocr_line' id='line_1_4' title="bbox 205 678 872 781; baseline 0 -27"><span class='ocrx_word' id='word_1_21' title='bbox 205 678 361 754; x_wconf 88' lang='lat' dir='ltr'>Difficilis</span> <span class='ocrx_word' id='word_1_22' title='bbox 378 697 494 753; x_wconf 85' lang='lat' dir='ltr'>nostra</span> <span class='ocrx_word' id='word_1_23' title='bbox 508 682 662 781; x_wconf 87' lang='lat' dir='ltr'>poscitur</span> <span class='ocrx_word' id='word_1_24' title='bbox 680 699 749 755; x_wconf 89' lang='lat' dir='ltr'>arte</span> <span class='ocrx_word' id='word_1_25' title='bbox 766 679 872 755; x_wconf 92' lang='lat' dir='ltr'>labor.</span> 
     </span>
     <span class='ocr_line' id='line_1_5' title="bbox 157 795 891 897; baseline -0.001 -24"><span class='ocrx_word' id='word_1_26' title='bbox 157 795 308 873; x_wconf 83' lang='lat' dir='ltr'>Rivalem</span> <span class='ocrx_word' id='word_1_27' title='bbox 323 795 489 897; x_wconf 79' lang='lat' dir='ltr'><strong>patienter</strong></span> <span class='ocrx_word' id='word_1_28' title='bbox 505 795 609 880; x_wconf 89' lang='lat' dir='ltr'>babe;</span> <span class='ocrx_word' id='word_1_29' title='bbox 624 797 763 871; x_wconf 88' lang='lat' dir='ltr'>victoria</span> <span class='ocrx_word' id='word_1_30' title='bbox 781 815 891 872; x_wconf 89' lang='lat' dir='ltr'>tecum</span> 
     </span>
     <span class='ocr_line' id='line_1_6' title="bbox 207 912 1235 1007; baseline -0.002 -20"><span class='ocrx_word' id='word_1_31' title='bbox 207 913 340 987; x_wconf 77' lang='lat' dir='ltr'>Stabit:</span> <span class='ocrx_word' id='word_1_32' title='bbox 355 912 421 986; x_wconf 87' lang='lat' dir='ltr'>eris</span> <span class='ocrx_word' id='word_1_33' title='bbox 437 913 549 1007; x_wconf 83' lang='lat' dir='ltr'>magni</span> <span class='ocrx_word' id='word_1_34' title='bbox 566 913 673 987; x_wconf 87' lang='lat' dir='ltr'>victor</span> <span class='ocrx_word' id='word_1_35' title='bbox 689 913 725 986; x_wconf 92' lang='lat' dir='ltr'>in</span> <span class='ocrx_word' id='word_1_36' title='bbox 745 943 818 989; x_wconf 89' lang='lat' dir='ltr'>arce</span> <span class='ocrx_word' id='word_1_37' title='bbox 833 914 938 988; x_wconf 86' lang='lat' dir='ltr'>Jovis.</span> <span class='ocrx_word' id='word_1_38' title='bbox 1181 935 1235 1004; x_wconf 72' lang='lat'>540</span> 
     </span>
     <span class='ocr_line' id='line_1_7' title="bbox 160 1028 1128 1130; baseline -0.001 -26"><span class='ocrx_word' id='word_1_39' title='bbox 160 1031 239 1104; x_wconf 69' lang='lat' dir='ltr'>flac</span> <span class='ocrx_word' id='word_1_40' title='bbox 254 1029 319 1103; x_wconf 90' lang='lat' dir='ltr'>tibi</span> <span class='ocrx_word' id='word_1_41' title='bbox 334 1057 403 1102; x_wconf 89' lang='lat' dir='ltr'>non</span> <span class='ocrx_word' id='word_1_42' title='bbox 419 1028 606 1117; x_wconf 88' lang='lat' dir='ltr'>bominem,</span> <span class='ocrx_word' id='word_1_43' title='bbox 624 1029 682 1102; x_wconf 86' lang='lat' dir='ltr'>sed</span> <span class='ocrx_word' id='word_1_44' title='bbox 699 1059 841 1130; x_wconf 89' lang='lat' dir='ltr'>quercus</span> <span class='ocrx_word' id='word_1_45' title='bbox 859 1031 955 1105; x_wconf 87' lang='lat' dir='ltr'>erede</span> <span class='ocrx_word' id='word_1_46' title='bbox 972 1029 1128 1126; x_wconf 78' lang='lat' dir='ltr'>Pelasgas</span> 
     </span>
     <span class='ocr_line' id='line_1_8' title="bbox 207 1143 920 1244; baseline -0.004 -23"><span class='ocrx_word' id='word_1_47' title='bbox 207 1146 350 1221; x_wconf 81' lang='lat' dir='ltr'>Dicere:</span> <span class='ocrx_word' id='word_1_48' title='bbox 367 1143 416 1218; x_wconf 90' lang='lat' dir='ltr'>nil</span> <span class='ocrx_word' id='word_1_49' title='bbox 433 1144 507 1218; x_wconf 87' lang='lat' dir='ltr'>istis</span> <span class='ocrx_word' id='word_1_50' title='bbox 524 1173 577 1218; x_wconf 91' lang='lat' dir='ltr'>ars</span> <span class='ocrx_word' id='word_1_51' title='bbox 591 1172 664 1219; x_wconf 87' lang='lat' dir='ltr'>mea</span> <span class='ocrx_word' id='word_1_52' title='bbox 680 1146 789 1244; x_wconf 85' lang='lat' dir='ltr'>majus</span> <span class='ocrx_word' id='word_1_53' title='bbox 807 1145 920 1220; x_wconf 90' lang='lat' dir='ltr'>habet.</span> 
     </span>
     <span class='ocr_line' id='line_1_9' title="bbox 160 1258 1008 1358; baseline -0.006 -21"><span class='ocrx_word' id='word_1_54' title='bbox 160 1265 284 1337; x_wconf 88' lang='lat' dir='ltr'>Innuet</span> <span class='ocrx_word' id='word_1_55' title='bbox 301 1258 380 1333; x_wconf 88' lang='lat' dir='ltr'>illa?</span> <span class='ocrx_word' id='word_1_56' title='bbox 393 1258 502 1334; x_wconf 85' lang='lat' dir='ltr'>feras:</span> <span class='ocrx_word' id='word_1_57' title='bbox 521 1259 669 1334; x_wconf 80' lang='lat' dir='ltr'>scribet?</span> <span class='ocrx_word' id='word_1_58' title='bbox 683 1289 725 1335; x_wconf 90' lang='lat' dir='ltr'>ne</span> <span class='ocrx_word' id='word_1_59' title='bbox 744 1277 842 1358; x_wconf 82' lang='lat' dir='ltr'>tange</span> <span class='ocrx_word' id='word_1_60' title='bbox 861 1260 1008 1335; x_wconf 86' lang='lat' dir='ltr'>tabellas.</span> 
     </span>
     <span class='ocr_line' id='line_1_10' title="bbox 211 1375 971 1478; baseline -0.007 -25"><span class='ocrx_word' id='word_1_61' title='bbox 211 1378 311 1453; x_wconf 85' lang='lat' dir='ltr'>Unde</span> <span class='ocrx_word' id='word_1_62' title='bbox 328 1375 433 1465; x_wconf 80' lang='lat' dir='ltr'>volet,</span> <span class='ocrx_word' id='word_1_63' title='bbox 453 1376 584 1466; x_wconf 78' lang='lat' dir='ltr'>veniat3</span> <span class='ocrx_word' id='word_1_64' title='bbox 602 1406 736 1478; x_wconf 88' lang='lat' dir='ltr'>quoque</span> <span class='ocrx_word' id='word_1_65' title='bbox 754 1376 892 1467; x_wconf 78' lang='lat' dir='ltr'>libebit,</span> <span class='ocrx_word' id='word_1_66' title='bbox 910 1394 971 1453; x_wconf 87' lang='lat' dir='ltr'>eat.</span> 
     </span>
     <span class='ocr_line' id='line_1_11' title="bbox 163 1493 1236 1593; baseline -0.007 -21"><span class='ocrx_word' id='word_1_67' title='bbox 163 1500 239 1572; x_wconf 84' lang='lat' dir='ltr'>Hoc</span> <span class='ocrx_word' id='word_1_68' title='bbox 256 1496 292 1569; x_wconf 93' lang='lat' dir='ltr'>in</span> <span class='ocrx_word' id='word_1_69' title='bbox 309 1493 455 1589; x_wconf 84' lang='lat' dir='ltr'>legitima</span> <span class='ocrx_word' id='word_1_70' title='bbox 472 1510 631 1593; x_wconf 84' lang='lat' dir='ltr'>praestant</span> <span class='ocrx_word' id='word_1_71' title='bbox 647 1522 752 1567; x_wconf 84' lang='lat' dir='ltr'>uxore</span> <span class='ocrx_word' id='word_1_72' title='bbox 766 1496 895 1584; x_wconf 90' lang='lat' dir='ltr'>mariti,</span> <span class='ocrx_word' id='word_1_73' title='bbox 1184 1511 1236 1583; x_wconf 75' lang='lat'>545</span> 
     </span>
     <span class='ocr_line' id='line_1_12' title="bbox 214 1608 1126 1713; baseline -0.005 -26"><span class='ocrx_word' id='word_1_74' title='bbox 214 1614 331 1711; x_wconf 85' lang='lat' dir='ltr'>Quum</span> <span class='ocrx_word' id='word_1_75' title='bbox 346 1627 456 1692; x_wconf 78' lang='lat' dir='ltr'>tener,</span> <span class='ocrx_word' id='word_1_76' title='bbox 472 1608 514 1682; x_wconf 92' lang='lat' dir='ltr'>ad</span> <span class='ocrx_word' id='word_1_77' title='bbox 529 1627 640 1708; x_wconf 89' lang='lat' dir='ltr'>partes</span> <span class='ocrx_word' id='word_1_78' title='bbox 657 1628 693 1683; x_wconf 93' lang='lat' dir='ltr'>tu</span> <span class='ocrx_word' id='word_1_79' title='bbox 711 1640 865 1713; x_wconf 89' lang='lat' dir='ltr'>quoque,</span> <span class='ocrx_word' id='word_1_80' title='bbox 881 1639 1013 1698; x_wconf 89' lang='lat' dir='ltr'>somne,</span> <span class='ocrx_word' id='word_1_81' title='bbox 1025 1610 1126 1685; x_wconf 85' lang='lat' dir='ltr'>venis.</span> 
     </span>
     <span class='ocr_line' id='line_1_13' title="bbox 166 1722 1066 1824; baseline -0.002 -21"><span class='ocrx_word' id='word_1_82' title='bbox 166 1731 239 1803; x_wconf 83' lang='lat' dir='ltr'>Hac</span> <span class='ocrx_word' id='word_1_83' title='bbox 256 1754 334 1820; x_wconf 83' lang='lat' dir='ltr'>ego,</span> <span class='ocrx_word' id='word_1_84' title='bbox 354 1722 531 1809; x_wconf 86' lang='lat' dir='ltr'>confiteor,</span> <span class='ocrx_word' id='word_1_85' title='bbox 545 1751 617 1796; x_wconf 91' lang='lat' dir='ltr'>non</span> <span class='ocrx_word' id='word_1_86' title='bbox 634 1752 708 1797; x_wconf 87' lang='lat' dir='ltr'>sum</span> <span class='ocrx_word' id='word_1_87' title='bbox 723 1725 889 1824; x_wconf 87' lang='lat' dir='ltr'>perfectus</span> <span class='ocrx_word' id='word_1_88' title='bbox 905 1729 942 1800; x_wconf 91' lang='lat' dir='ltr'>in</span> <span class='ocrx_word' id='word_1_89' title='bbox 960 1746 1038 1801; x_wconf 91' lang='lat' dir='ltr'>arte.</span> <span class='ocrx_word' id='word_1_90' title='bbox 1061 1779 1066 1785; x_wconf 90' lang='lat'>-</span> 
     </span>
     <span class='ocr_line' id='line_1_14' title="bbox 215 1838 1037 1942; baseline -0.002 -26"><span class='ocrx_word' id='word_1_91' title='bbox 215 1841 309 1941; x_wconf 85' lang='lat' dir='ltr'>Quid</span> <span class='ocrx_word' id='word_1_92' title='bbox 325 1840 467 1914; x_wconf 76' lang='lat' dir='ltr'>faciam?</span> <span class='ocrx_word' id='word_1_93' title='bbox 481 1838 617 1913; x_wconf 89' lang='lat' dir='ltr'>monitis</span> <span class='ocrx_word' id='word_1_94' title='bbox 635 1868 710 1913; x_wconf 88' lang='lat' dir='ltr'>sum</span> <span class='ocrx_word' id='word_1_95' title='bbox 726 1841 838 1914; x_wconf 91' lang='lat' dir='ltr'>minor</span> <span class='ocrx_word' id='word_1_96' title='bbox 854 1843 926 1942; x_wconf 89' lang='lat' dir='ltr'>ipse</span> <span class='ocrx_word' id='word_1_97' title='bbox 944 1844 1037 1916; x_wconf 87' lang='lat' dir='ltr'>meis.</span> 
     </span>
     <span class='ocr_line' id='line_1_15' title="bbox 166 1953 1072 2059; baseline -0.007 -23"><span class='ocrx_word' id='word_1_98' title='bbox 166 1961 266 2036; x_wconf 84' lang='lat' dir='ltr'>Mene</span> <span class='ocrx_word' id='word_1_99' title='bbox 282 1953 391 2059; x_wconf 89' lang='lat' dir='ltr'>palam</span> <span class='ocrx_word' id='word_1_100' title='bbox 407 1973 533 2030; x_wconf 80' lang='lat' dir='ltr'>nostra</span> <span class='ocrx_word' id='word_1_101' title='bbox 551 1953 607 2029; x_wconf 94' lang='lat' dir='ltr'>det</span> <span class='ocrx_word' id='word_1_102' title='bbox 625 1954 801 2056; x_wconf 84' lang='lat' dir='ltr'>quisquam</span> <span class='ocrx_word' id='word_1_103' title='bbox 818 1956 914 2050; x_wconf 80' lang='lat' dir='ltr'>signa</span> <span class='ocrx_word' id='word_1_104' title='bbox 929 1955 1072 2058; x_wconf 85' lang='lat' dir='ltr'>puella?</span> 
     </span>
     <span class='ocr_line' id='line_1_16' title="bbox 216 2068 1241 2175; baseline -0.006 -26"><span class='ocrx_word' id='word_1_105' title='bbox 216 2077 263 2150; x_wconf 87' lang='lat' dir='ltr'>Et</span> <span class='ocrx_word' id='word_1_106' title='bbox 279 2072 412 2175; x_wconf 85' lang='lat' dir='ltr'>patiar?</span> <span class='ocrx_word' id='word_1_107' title='bbox 427 2100 488 2146; x_wconf 92' lang='lat' dir='ltr'>nec</span> <span class='ocrx_word' id='word_1_108' title='bbox 504 2099 556 2145; x_wconf 88' lang='lat' dir='ltr'>me</span> <span class='ocrx_word' id='word_1_109' title='bbox 576 2069 729 2172; x_wconf 89' lang='lat' dir='ltr'>quolibet</span> <span class='ocrx_word' id='word_1_110' title='bbox 744 2071 794 2145; x_wconf 91' lang='lat' dir='ltr'>ira</span> <span class='ocrx_word' id='word_1_111' title='bbox 810 2070 920 2145; x_wconf 86' lang='lat' dir='ltr'>ferat?</span> <span class='ocrx_word' id='word_1_112' title='bbox 1037 2122 1040 2124; x_wconf 93' lang='lat'><em>-</em></span> <span class='ocrx_word' id='word_1_113' title='bbox 1189 2068 1241 2145; x_wconf 60' lang='lat'>556</span> 
     </span>
     <span class='ocr_line' id='line_1_17' title="bbox 170 2187 1096 2288; baseline -0.011 -20"><span class='ocrx_word' id='word_1_114' title='bbox 170 2189 297 2268; x_wconf 82' lang='lat' dir='ltr'><strong>Oscula</strong></span> <span class='ocrx_word' id='word_1_115' title='bbox 312 2190 363 2263; x_wconf 89' lang='lat' dir='ltr'>vir</span> <span class='ocrx_word' id='word_1_116' title='bbox 378 2187 528 2276; x_wconf 87' lang='lat' dir='ltr'>dederat,</span> <span class='ocrx_word' id='word_1_117' title='bbox 544 2187 694 2275; x_wconf 81' lang='lat' dir='ltr'>memini,</span> <span class='ocrx_word' id='word_1_118' title='bbox 710 2216 790 2262; x_wconf 89' lang='lat' dir='ltr'>suus</span> <span class='ocrx_word' id='word_1_119' title='bbox 804 2217 813 2261; x_wconf 91' lang='lat'><strong>:</strong></span> <span class='ocrx_word' id='word_1_120' title='bbox 829 2187 941 2262; x_wconf 88' lang='lat' dir='ltr'>oscula</span> <span class='ocrx_word' id='word_1_121' title='bbox 960 2204 1096 2288; x_wconf 87' lang='lat' dir='ltr'>questus</span> 
     </span>
     <span class='ocr_line' id='line_1_18' title="bbox 219 2300 1001 2380; baseline -0.009 0"><span class='ocrx_word' id='word_1_122' title='bbox 219 2307 301 2380; x_wconf 88' lang='lat' dir='ltr'>Sum</span> <span class='ocrx_word' id='word_1_123' title='bbox 319 2304 395 2379; x_wconf 87' lang='lat' dir='ltr'>data</span> <span class='ocrx_word' id='word_1_124' title='bbox 410 2334 418 2377; x_wconf 92' lang='lat'>:</span> <span class='ocrx_word' id='word_1_125' title='bbox 432 2303 586 2377; x_wconf 88' lang='lat' dir='ltr'>barbarie</span> <span class='ocrx_word' id='word_1_126' title='bbox 603 2320 719 2378; x_wconf 90' lang='lat' dir='ltr'>noster</span> <span class='ocrx_word' id='word_1_127' title='bbox 735 2300 884 2377; x_wconf 85' lang='lat' dir='ltr'>abundat</span> <span class='ocrx_word' id='word_1_128' title='bbox 899 2331 1001 2376; x_wconf 91' lang='lat' dir='ltr'>amor.</span> 
     </span>
     <span class='ocr_line' id='line_1_19' title="bbox 169 2417 1072 2510; baseline -0.01 -9"><span class='ocrx_word' id='word_1_129' title='bbox 169 2430 250 2502; x_wconf 86' lang='lat' dir='ltr'>Non</span> <span class='ocrx_word' id='word_1_130' title='bbox 267 2421 368 2499; x_wconf 90' lang='lat' dir='ltr'>semel</span> <span class='ocrx_word' id='word_1_131' title='bbox 383 2424 450 2496; x_wconf 91' lang='lat' dir='ltr'>hoc</span> <span class='ocrx_word' id='word_1_132' title='bbox 468 2421 585 2495; x_wconf 86' lang='lat' dir='ltr'>vitium</span> <span class='ocrx_word' id='word_1_133' title='bbox 603 2421 720 2495; x_wconf 87' lang='lat' dir='ltr'>nocuit</span> <span class='ocrx_word' id='word_1_134' title='bbox 735 2421 836 2510; x_wconf 80' lang='lat' dir='ltr'>mibi3</span> <span class='ocrx_word' id='word_1_135' title='bbox 853 2419 982 2495; x_wconf 90' lang='lat' dir='ltr'>doctior</span> <span class='ocrx_word' id='word_1_136' title='bbox 998 2417 1072 2506; x_wconf 88' lang='lat' dir='ltr'>ille,</span> 
     </span>
    </p>
   </div>
   <div class='ocr_carea' id='block_1_3' title="bbox 174 2543 1243 2766">
    <p class='ocr_par' dir='ltr' id='par_1_3' title="bbox 174 2543 1243 2766">
     <span class='ocr_line' id='line_1_20' title="bbox 222 2543 841 2646; baseline -0.006 -24"><span class='ocrx_word' id='word_1_137' title='bbox 222 2549 303 2646; x_wconf 85' lang='lat' dir='ltr'>Quo</span> <span class='ocrx_word' id='word_1_138' title='bbox 320 2546 458 2621; x_wconf 88' lang='lat' dir='ltr'>veniunt</span> <span class='ocrx_word' id='word_1_139' title='bbox 475 2543 530 2619; x_wconf 89' lang='lat' dir='ltr'>alii</span> <span class='ocrx_word' id='word_1_140' title='bbox 545 2543 740 2618; x_wconf 85' lang='lat' dir='ltr'>conciliante</span> <span class='ocrx_word' id='word_1_141' title='bbox 757 2545 841 2618; x_wconf 87' lang='lat' dir='ltr'>viro.</span> 
     </span>
     <span class='ocr_line' id='line_1_21' title="bbox 174 2669 1243 2766; baseline -0.006 -18"><span class='ocrx_word' id='word_1_142' title='bbox 174 2673 241 2748; x_wconf 90' lang='lat' dir='ltr'>Sed</span> <span class='ocrx_word' id='word_1_143' title='bbox 254 2672 373 2748; x_wconf 88' lang='lat' dir='ltr'>melius</span> <span class='ocrx_word' id='word_1_144' title='bbox 391 2670 533 2745; x_wconf 88' lang='lat' dir='ltr'>nescisse</span> <span class='ocrx_word' id='word_1_145' title='bbox 549 2669 636 2743; x_wconf 84' lang='lat' dir='ltr'>suit:</span> <span class='ocrx_word' id='word_1_146' title='bbox 653 2670 724 2745; x_wconf 85' lang='lat' dir='ltr'>sine</span> <span class='ocrx_word' id='word_1_147' title='bbox 741 2671 830 2745; x_wconf 85' lang='lat' dir='ltr'>furta</span> <span class='ocrx_word' id='word_1_148' title='bbox 846 2688 1018 2766; x_wconf 84' lang='lat' dir='ltr'>tegantur:</span> <span class='ocrx_word' id='word_1_149' title='bbox 1191 2692 1243 2742; x_wconf 74' lang='lat'>555</span> 
     </span>
    </p>
   </div>
   <div class='ocr_carea' id='block_1_4' title="bbox 169 2893 1247 4139">
    <p class='ocr_par' dir='ltr' id='par_1_4' title="bbox 169 2893 1247 4139">
     <span class='ocr_line' id='line_1_22' title="bbox 169 2893 1242 2966; baseline -0.005 -15"><span class='ocrx_word' id='word_1_150' title='bbox 169 2893 684 2966; x_wconf 67' lang='lat' dir='ltr'>paro,Scbelicri:quodexvera17,re-</span> <span class='ocrx_word' id='word_1_151' title='bbox 760 2897 1242 2962; x_wconf 61' lang='lat' dir='ltr'>545.Hocinleffl&#39;limaprestanll’raes-</span> 
     </span>
     <span class='ocr_line' id='line_1_23' title="bbox 175 2972 1238 3048; baseline -0.005 -17"><span class='ocrx_word' id='word_1_152' title='bbox 175 2977 297 3048; x_wconf 83' lang='lat' dir='ltr'>petitum.</span> <span class='ocrx_word' id='word_1_153' title='bbox 733 2980 788 3025; x_wconf 75' lang='lat' dir='ltr'>tea!</span> <span class='ocrx_word' id='word_1_154' title='bbox 802 2973 830 3025; x_wconf 89' lang='lat' dir='ltr'>iu</span> <span class='ocrx_word' id='word_1_155' title='bbox 851 2991 905 3025; x_wconf 93' lang='lat' dir='ltr'>uno</span> <span class='ocrx_word' id='word_1_156' title='bbox 924 2973 1053 3026; x_wconf 79' lang='lat' dir='ltr'>Vaticano</span> <span class='ocrx_word' id='word_1_157' title='bbox 1072 2972 1189 3026; x_wconf 82' lang='lat' dir='ltr'>rectius:</span> <span class='ocrx_word' id='word_1_158' title='bbox 1208 2982 1238 3026; x_wconf 89' lang='lat' dir='ltr'>ut</span> 
     </span>
     <span class='ocr_line' id='line_1_24' title="bbox 209 3050 889 3126; baseline -0.007 -18"><span class='ocrx_word' id='word_1_159' title='bbox 209 3055 265 3126; x_wconf 79' lang='lat'>537.</span> <span class='ocrx_word' id='word_1_160' title='bbox 282 3053 373 3106; x_wconf 80' lang='lat' dir='ltr'>Ardua</span> <span class='ocrx_word' id='word_1_161' title='bbox 383 3055 503 3105; x_wconf 60' lang='lat' dir='ltr'>molebat.</span> <span class='ocrx_word' id='word_1_162' title='bbox 520 3052 602 3106; x_wconf 87' lang='lat' dir='ltr'>Recte</span> <span class='ocrx_word' id='word_1_163' title='bbox 620 3052 685 3122; x_wconf 88' lang='lat' dir='ltr'>qui·-</span> <span class='ocrx_word' id='word_1_164' title='bbox 732 3069 810 3119; x_wconf 78' lang='lat' dir='ltr'>supra</span> <span class='ocrx_word' id='word_1_165' title='bbox 826 3050 889 3103; x_wconf 76' lang='lat'>153:</span> 
     </span>
     <span class='ocr_line' id='line_1_25' title="bbox 175 3129 1228 3194; baseline -0.002 -7"><span class='ocrx_word' id='word_1_166' title='bbox 175 3132 238 3187; x_wconf 82' lang='lat' dir='ltr'>dem</span> <span class='ocrx_word' id='word_1_167' title='bbox 250 3134 366 3184; x_wconf 80' lang='lat' dir='ltr'>molimur</span> <span class='ocrx_word' id='word_1_168' title='bbox 374 3140 401 3183; x_wconf 87' lang='lat' dir='ltr'>et</span> <span class='ocrx_word' id='word_1_169' title='bbox 409 3133 505 3194; x_wconf 78' lang='lat' dir='ltr'>ardua,</span> <span class='ocrx_word' id='word_1_170' title='bbox 515 3129 575 3185; x_wconf 88' lang='lat' dir='ltr'>licet</span> <span class='ocrx_word' id='word_1_171' title='bbox 586 3131 684 3185; x_wconf 81' lang='lat' dir='ltr'>facete:</span> <span class='ocrx_word' id='word_1_172' title='bbox 732 3133 962 3185; x_wconf 61' lang='lat' dir='ltr'>mutugennam-qm</span> <span class='ocrx_word' id='word_1_173' title='bbox 970 3133 1032 3182; x_wconf 72' lang='lat' dir='ltr'>vim,</span> <span class='ocrx_word' id='word_1_174' title='bbox 1039 3143 1148 3185; x_wconf 54' lang='lat' dir='ltr'>wama*</span> <span class='ocrx_word' id='word_1_175' title='bbox 1154 3135 1228 3173; x_wconf 68' lang='lat' dir='ltr'>witi·</span> 
     </span>
     <span class='ocr_line' id='line_1_26' title="bbox 177 3207 1247 3281; baseline -0.006 -17"><span class='ocrx_word' id='word_1_176' title='bbox 177 3209 240 3281; x_wconf 85' lang='lat' dir='ltr'>quid</span> <span class='ocrx_word' id='word_1_177' title='bbox 251 3208 324 3263; x_wconf 86' lang='lat' dir='ltr'>enim</span> <span class='ocrx_word' id='word_1_178' title='bbox 336 3208 436 3262; x_wconf 85' lang='lat' dir='ltr'>amanti</span> <span class='ocrx_word' id='word_1_179' title='bbox 447 3212 552 3262; x_wconf 84' lang='lat' dir='ltr'>arduum</span> <span class='ocrx_word' id='word_1_180' title='bbox 564 3209 646 3279; x_wconf 76' lang='lat' dir='ltr'>magis</span> <span class='ocrx_word' id='word_1_181' title='bbox 658 3219 686 3262; x_wconf 90' lang='lat' dir='ltr'>et</span> <span class='ocrx_word' id='word_1_182' title='bbox 767 3207 823 3258; x_wconf 79' lang='lat'>551.</span> <span class='ocrx_word' id='word_1_183' title='bbox 834 3207 929 3258; x_wconf 84' lang='lat' dir='ltr'>Oscula</span> <span class='ocrx_word' id='word_1_184' title='bbox 934 3208 1090 3260; x_wconf 80' lang='lat' dir='ltr'>ve&#39;rdederat.</span> <span class='ocrx_word' id='word_1_185' title='bbox 1098 3208 1194 3260; x_wconf 79' lang='lat' dir='ltr'>Oscula</span> <span class='ocrx_word' id='word_1_186' title='bbox 1199 3211 1247 3260; x_wconf 75' lang='lat' dir='ltr'>ube·</span> 
     </span>
     <span class='ocr_line' id='line_1_27' title="bbox 175 3279 1244 3356; baseline -0.004 -14"><span class='ocrx_word' id='word_1_187' title='bbox 175 3287 297 3354; x_wconf 84' lang='lat' dir='ltr'>difficile,</span> <span class='ocrx_word' id='word_1_188' title='bbox 310 3305 391 3356; x_wconf 86' lang='lat' dir='ltr'>quam</span> <span class='ocrx_word' id='word_1_189' title='bbox 397 3290 499 3339; x_wconf 62' lang='lat' dir='ltr'>ntalem</span> <span class='ocrx_word' id='word_1_190' title='bbox 507 3285 603 3341; x_wconf 79' lang='lat' dir='ltr'>habere</span> <span class='ocrx_word' id='word_1_191' title='bbox 611 3286 623 3340; x_wconf 68' lang='lat' dir='ltr'>i</span> <span class='ocrx_word' id='word_1_192' title='bbox 632 3279 688 3339; x_wconf 54' lang='lat' dir='ltr'>Pass</span> <span class='ocrx_word' id='word_1_193' title='bbox 733 3285 842 3344; x_wconf 75' lang='lat' dir='ltr'>dederat,</span> <span class='ocrx_word' id='word_1_194' title='bbox 848 3289 954 3347; x_wconf 69' lang='lat' dir='ltr'>mamutii,</span> <span class='ocrx_word' id='word_1_195' title='bbox 961 3304 1016 3346; x_wconf 87' lang='lat' dir='ltr'>sua,</span> <span class='ocrx_word' id='word_1_196' title='bbox 1029 3286 1156 3338; x_wconf 77' lang='lat' dir='ltr'>Beruens</span> <span class='ocrx_word' id='word_1_197' title='bbox 1165 3303 1244 3338; x_wconf 76' lang='lat' dir='ltr'>unus.</span> 
     </span>
     <span class='ocr_line' id='line_1_28' title="bbox 175 3361 1242 3432; baseline -0.002 -14"><span class='ocrx_word' id='word_1_198' title='bbox 175 3370 267 3418; x_wconf 72' lang='lat' dir='ltr'>{tenter</span> <span class='ocrx_word' id='word_1_199' title='bbox 276 3383 339 3418; x_wconf 84' lang='lat' dir='ltr'>vero</span> <span class='ocrx_word' id='word_1_200' title='bbox 348 3404 356 3432; x_wconf 84' lang='lat'><strong>,</strong></span> <span class='ocrx_word' id='word_1_201' title='bbox 365 3364 406 3417; x_wconf 80' lang='lat' dir='ltr'>vix</span> <span class='ocrx_word' id='word_1_202' title='bbox 417 3362 559 3417; x_wconf 86' lang='lat' dir='ltr'>dicendum</span> <span class='ocrx_word' id='word_1_203' title='bbox 567 3385 574 3428; x_wconf 77' lang='lat'>3</span> <span class='ocrx_word' id='word_1_204' title='bbox 583 3383 634 3418; x_wconf 86' lang='lat' dir='ltr'>nec</span> <span class='ocrx_word' id='word_1_205' title='bbox 643 3363 687 3416; x_wconf 92' lang='lat' dir='ltr'>in·</span> <span class='ocrx_word' id='word_1_206' title='bbox 733 3361 841 3412; x_wconf 65' lang='lat' dir='ltr'>Mmim&#39;</span> <span class='ocrx_word' id='word_1_207' title='bbox 847 3380 895 3413; x_wconf 86' lang='lat' dir='ltr'>sua</span> <span class='ocrx_word' id='word_1_208' title='bbox 907 3366 1099 3430; x_wconf 64' lang='lat' dir='ltr'>basioquestus,</span> <span class='ocrx_word' id='word_1_209' title='bbox 1115 3361 1242 3416; x_wconf 78' lang='lat' dir='ltr'>Palatia-t</span> 
     </span>
     <span class='ocr_line' id='line_1_29' title="bbox 177 3439 1243 3512; baseline -0.001 -17"><span class='ocrx_word' id='word_1_210' title='bbox 177 3439 255 3512; x_wconf 73' lang='lat' dir='ltr'>digna</span> <span class='ocrx_word' id='word_1_211' title='bbox 267 3462 330 3496; x_wconf 82' lang='lat' dir='ltr'>sane</span> <span class='ocrx_word' id='word_1_212' title='bbox 342 3441 399 3495; x_wconf 77' lang='lat' dir='ltr'>talis</span> <span class='ocrx_word' id='word_1_213' title='bbox 407 3445 527 3505; x_wconf 67' lang='lat' dir='ltr'>vr‘clorra,</span> <span class='ocrx_word' id='word_1_214' title='bbox 538 3460 595 3511; x_wconf 70' lang='lat' dir='ltr'>qua.</span> <span class='ocrx_word' id='word_1_215' title='bbox 603 3441 687 3495; x_wconf 81' lang='lat' dir='ltr'>victo-</span> <span class='ocrx_word' id='word_1_216' title='bbox 734 3440 852 3492; x_wconf 68' lang='lat' dir='ltr'>barbanu</span> <span class='ocrx_word' id='word_1_217' title='bbox 868 3439 965 3510; x_wconf 79' lang='lat' dir='ltr'>Regius</span> <span class='ocrx_word' id='word_1_218' title='bbox 975 3460 981 3493; x_wconf 90' lang='lat'>:</span> <span class='ocrx_word' id='word_1_219' title='bbox 993 3444 1115 3495; x_wconf 79' lang='lat' dir='ltr'>barbaria</span> <span class='ocrx_word' id='word_1_220' title='bbox 1123 3441 1243 3495; x_wconf 65' lang='lat' dir='ltr'>Sarra:</span> 
     </span>
     <span class='ocr_line' id='line_1_30' title="bbox 178 3517 1046 3589; baseline -0.001 -16"><span class='ocrx_word' id='word_1_221' title='bbox 178 3539 237 3573; x_wconf 88' lang='lat' dir='ltr'>rem</span> <span class='ocrx_word' id='word_1_222' title='bbox 244 3520 272 3572; x_wconf 89' lang='lat' dir='ltr'>in</span> <span class='ocrx_word' id='word_1_223' title='bbox 280 3520 334 3589; x_wconf 78' lang='lat' dir='ltr'>ipsa</span> <span class='ocrx_word' id='word_1_224' title='bbox 340 3520 502 3585; x_wconf 62' lang='lat' dir='ltr'>magatJoeis</span> <span class='ocrx_word' id='word_1_225' title='bbox 509 3517 687 3573; x_wconf 84' lang='lat' dir='ltr'>arcecollooet.</span> <span class='ocrx_word' id='word_1_226' title='bbox 733 3519 844 3569; x_wconf 78' lang='lat' dir='ltr'>abundet</span> <span class='ocrx_word' id='word_1_227' title='bbox 855 3537 923 3572; x_wconf 79' lang='lat' dir='ltr'>unua</span> <span class='ocrx_word' id='word_1_228' title='bbox 935 3518 1046 3572; x_wconf 82' lang='lat' dir='ltr'>Heiusii.</span> 
     </span>
     <span class='ocr_line' id='line_1_31' title="bbox 177 3597 1244 3654; baseline 0.003 -4"><span class='ocrx_word' id='word_1_229' title='bbox 177 3601 278 3652; x_wconf 71' lang='lat' dir='ltr'>-rtm&#39;</span> <span class='ocrx_word' id='word_1_230' title='bbox 285 3600 366 3649; x_wconf 80' lang='lat' dir='ltr'>ardua</span> <span class='ocrx_word' id='word_1_231' title='bbox 375 3600 461 3648; x_wconf 69' lang='lat' dir='ltr'>witus.</span> <span class='ocrx_word' id='word_1_232' title='bbox 472 3597 534 3648; x_wconf 83' lang='lat' dir='ltr'>Nisi</span> <span class='ocrx_word' id='word_1_233' title='bbox 539 3597 620 3648; x_wconf 82' lang='lat' dir='ltr'>ardua</span> <span class='ocrx_word' id='word_1_234' title='bbox 630 3601 689 3650; x_wconf 78' lang='lat' dir='ltr'>au&#39;a·</span> <span class='ocrx_word' id='word_1_235' title='bbox 768 3598 824 3649; x_wconf 81' lang='lat'>553.</span> <span class='ocrx_word' id='word_1_236' title='bbox 842 3599 949 3652; x_wconf 74' lang='lat' dir='ltr'>Doctior</span> <span class='ocrx_word' id='word_1_237' title='bbox 964 3601 1009 3651; x_wconf 80' lang='lat' dir='ltr'>ille</span> <span class='ocrx_word' id='word_1_238' title='bbox 1024 3609 1073 3653; x_wconf 84' lang='lat' dir='ltr'>ete.</span> <span class='ocrx_word' id='word_1_239' title='bbox 1090 3599 1193 3654; x_wconf 85' lang='lat' dir='ltr'>Scilicet</span> <span class='ocrx_word' id='word_1_240' title='bbox 1210 3599 1244 3653; x_wconf 86' lang='lat' dir='ltr'>ad</span> 
     </span>
     <span class='ocr_line' id='line_1_32' title="bbox 178 3671 1245 3749; baseline 0.006 -24"><span class='ocrx_word' id='word_1_241' title='bbox 178 3682 250 3738; x_wconf 82' lang='lat' dir='ltr'>cunt,</span> <span class='ocrx_word' id='word_1_242' title='bbox 262 3672 399 3728; x_wconf 78' lang='lat' dir='ltr'>Editiones</span> <span class='ocrx_word' id='word_1_243' title='bbox 407 3672 523 3744; x_wconf 76' lang='lat' dir='ltr'>priores,</span> <span class='ocrx_word' id='word_1_244' title='bbox 536 3671 613 3741; x_wconf 81' lang='lat' dir='ltr'>Aldi,</span> <span class='ocrx_word' id='word_1_245' title='bbox 632 3675 688 3729; x_wconf 83' lang='lat' dir='ltr'>Mi·</span> <span class='ocrx_word' id='word_1_246' title='bbox 735 3687 864 3746; x_wconf 78' lang='lat' dir='ltr'>praecepta</span> <span class='ocrx_word' id='word_1_247' title='bbox 876 3674 976 3739; x_wconf 83' lang='lat' dir='ltr'>danda,</span> <span class='ocrx_word' id='word_1_248' title='bbox 989 3697 1069 3746; x_wconf 82' lang='lat' dir='ltr'>quarn</span> <span class='ocrx_word' id='word_1_249' title='bbox 1082 3677 1245 3749; x_wconf 84' lang='lat' dir='ltr'>provinciam</span> 
     </span>
     <span class='ocr_line' id='line_1_33' title="bbox 178 3750 1245 3825; baseline 0.007 -23"><span class='ocrx_word' id='word_1_250' title='bbox 178 3750 253 3822; x_wconf 81' lang='lat' dir='ltr'>cylli,</span> <span class='ocrx_word' id='word_1_251' title='bbox 267 3751 425 3805; x_wconf 84' lang='lat' dir='ltr'>Bersrnanni</span> <span class='ocrx_word' id='word_1_252' title='bbox 438 3762 465 3806; x_wconf 86' lang='lat' dir='ltr'>et</span> <span class='ocrx_word' id='word_1_253' title='bbox 476 3752 565 3823; x_wconf 80' lang='lat' dir='ltr'>scripti</span> <span class='ocrx_word' id='word_1_254' title='bbox 580 3752 688 3807; x_wconf 85' lang='lat' dir='ltr'>duode-</span> <span class='ocrx_word' id='word_1_255' title='bbox 736 3773 785 3824; x_wconf 80' lang='lat' dir='ltr'>ego</span> <span class='ocrx_word' id='word_1_256' title='bbox 792 3754 957 3824; x_wconf 76' lang='lat' dir='ltr'>suscepi;ued</span> <span class='ocrx_word' id='word_1_257' title='bbox 966 3767 1094 3825; x_wconf 70' lang='lat' dir='ltr'>precepta</span> <span class='ocrx_word' id='word_1_258' title='bbox 1100 3774 1158 3808; x_wconf 82' lang='lat' dir='ltr'>mea</span> <span class='ocrx_word' id='word_1_259' title='bbox 1167 3773 1245 3822; x_wconf 72' lang='lat' dir='ltr'>pres·</span> 
     </span>
     <span class='ocr_line' id='line_1_34' title="bbox 178 3828 1245 3903; baseline 0.007 -23"><span class='ocrx_word' id='word_1_260' title='bbox 178 3828 239 3880; x_wconf 88' lang='lat' dir='ltr'>cim.</span> <span class='ocrx_word' id='word_1_261' title='bbox 252 3829 345 3896; x_wconf 81' lang='lat' dir='ltr'>Unus,</span> <span class='ocrx_word' id='word_1_262' title='bbox 359 3835 469 3884; x_wconf 64' lang='lat' dir='ltr'>mucan!-</span> <span class='ocrx_word' id='word_1_263' title='bbox 736 3841 791 3886; x_wconf 90' lang='lat' dir='ltr'>tare</span> <span class='ocrx_word' id='word_1_264' title='bbox 803 3852 858 3885; x_wconf 91' lang='lat' dir='ltr'>uon</span> <span class='ocrx_word' id='word_1_265' title='bbox 871 3853 976 3902; x_wconf 80' lang='lat' dir='ltr'>possum</span> <span class='ocrx_word' id='word_1_266' title='bbox 985 3872 992 3900; x_wconf 85' lang='lat'><strong>,</strong></span> <span class='ocrx_word' id='word_1_267' title='bbox 1002 3835 1062 3903; x_wconf 80' lang='lat' dir='ltr'>quia</span> <span class='ocrx_word' id='word_1_268' title='bbox 1073 3833 1100 3885; x_wconf 90' lang='lat' dir='ltr'>in</span> <span class='ocrx_word' id='word_1_269' title='bbox 1111 3831 1159 3884; x_wconf 84' lang='lat' dir='ltr'>hac</span> <span class='ocrx_word' id='word_1_270' title='bbox 1168 3844 1245 3900; x_wconf 84' lang='lat' dir='ltr'>parte</span> 
     </span>
     <span class='ocr_line' id='line_1_35' title="bbox 212 3906 1245 3982; baseline 0.007 -26"><span class='ocrx_word' id='word_1_271' title='bbox 212 3906 268 3972; x_wconf 70' lang='grc'>544.</span> <span class='ocrx_word' id='word_1_272' title='bbox 288 3907 361 3959; x_wconf 79' lang='lat' dir='ltr'>Unde</span> <span class='ocrx_word' id='word_1_273' title='bbox 371 3911 445 3961; x_wconf 83' lang='lat' dir='ltr'>volet.</span> <span class='ocrx_word' id='word_1_274' title='bbox 459 3911 534 3964; x_wconf 80' lang='lat' dir='ltr'>lr‘be!</span> <span class='ocrx_word' id='word_1_275' title='bbox 542 3910 645 3982; x_wconf 75' lang='lat' dir='ltr'>Aprosii</span> <span class='ocrx_word' id='word_1_276' title='bbox 656 3909 689 3964; x_wconf 90' lang='lat' dir='ltr'>li·</span> <span class='ocrx_word' id='word_1_277' title='bbox 736 3912 798 3965; x_wconf 78' lang='lat' dir='ltr'>artis</span> <span class='ocrx_word' id='word_1_278' title='bbox 815 3912 947 3965; x_wconf 79' lang='lat' dir='ltr'>amatoriae</span> <span class='ocrx_word' id='word_1_279' title='bbox 959 3911 1086 3980; x_wconf 74' lang='lat' dir='ltr'>perlectus</span> <span class='ocrx_word' id='word_1_280' title='bbox 1104 3928 1153 3961; x_wconf 77' lang='lat' dir='ltr'>aaa</span> <span class='ocrx_word' id='word_1_281' title='bbox 1169 3928 1245 3979; x_wconf 64' lang='lat' dir='ltr'>sum</span> 
     </span>
     <span class='ocr_line' id='line_1_36' title="bbox 179 3978 1243 4058; baseline 0.012 -27"><span class='ocrx_word' id='word_1_282' title='bbox 179 3978 244 4045; x_wconf 84' lang='lat' dir='ltr'>ber,</span> <span class='ocrx_word' id='word_1_283' title='bbox 265 3993 292 4034; x_wconf 89' lang='lat' dir='ltr'>et</span> <span class='ocrx_word' id='word_1_284' title='bbox 309 3983 466 4039; x_wconf 78' lang='lat' dir='ltr'>Bersmanni</span> <span class='ocrx_word' id='word_1_285' title='bbox 485 3987 581 4042; x_wconf 87' lang='lat' dir='ltr'>editio:</span> <span class='ocrx_word' id='word_1_286' title='bbox 593 4008 690 4058; x_wconf 78' lang='lat' dir='ltr'>quaque</span> <span class='ocrx_word' id='word_1_287' title='bbox 736 3989 781 4042; x_wconf 83' lang='lat' dir='ltr'>sed</span> <span class='ocrx_word' id='word_1_288' title='bbox 794 3993 891 4044; x_wconf 65' lang='lat' dir='ltr'>docitur</span> <span class='ocrx_word' id='word_1_289' title='bbox 900 3991 942 4044; x_wconf 87' lang='lat' dir='ltr'>ille</span> <span class='ocrx_word' id='word_1_290' title='bbox 954 4000 1007 4056; x_wconf 80' lang='lat' dir='ltr'>eut,</span> <span class='ocrx_word' id='word_1_291' title='bbox 1022 3988 1066 4058; x_wconf 89' lang='lat' dir='ltr'>qui</span> <span class='ocrx_word' id='word_1_292' title='bbox 1076 3987 1144 4040; x_wconf 86' lang='lat' dir='ltr'>banc</span> <span class='ocrx_word' id='word_1_293' title='bbox 1157 3999 1243 4057; x_wconf 81' lang='lat' dir='ltr'>potest</span> 
     </span>
     <span class='ocr_line' id='line_1_37' title="bbox 180 4055 1181 4139; baseline 0.01 -29"><span class='ocrx_word' id='word_1_294' title='bbox 180 4055 268 4110; x_wconf 81' lang='lat' dir='ltr'>Editio</span> <span class='ocrx_word' id='word_1_295' title='bbox 277 4059 377 4132; x_wconf 82' lang='lat' dir='ltr'>Micylli</span> <span class='ocrx_word' id='word_1_296' title='bbox 387 4083 393 4117; x_wconf 72' lang='grc' dir='ltr'><strong><em>ε</em></strong></span> <span class='ocrx_word' id='word_1_297' title='bbox 405 4084 482 4133; x_wconf 79' lang='lat' dir='ltr'>quoue</span> <span class='ocrx_word' id='word_1_298' title='bbox 493 4067 610 4137; x_wconf 87' lang='lat' dir='ltr'>quinque</span> <span class='ocrx_word' id='word_1_299' title='bbox 620 4068 689 4123; x_wconf 85' lang='lat' dir='ltr'>libri.</span> <span class='ocrx_word' id='word_1_300' title='bbox 737 4069 933 4127; x_wconf 83' lang='lat' dir='ltr'>conciliaturam</span> <span class='ocrx_word' id='word_1_301' title='bbox 945 4079 1073 4139; x_wconf 66' lang='lat' dir='ltr'>prestare.</span> <span class='ocrx_word' id='word_1_302' title='bbox 1083 4069 1181 4121; x_wconf 82' lang='lat' dir='ltr'>Bouu.</span> 
     </span>
    </p>
   </div>
   <div class='ocr_carea' id='block_1_5' title="bbox 0 0 1422 4702">
    <p class='ocr_par' dir='ltr' id='par_1_5' title="bbox 0 0 1422 4702">
     <span class='ocr_line' id='line_1_38' title="bbox 0 0 1422 4702; baseline 0 0"><span class='ocrx_word' id='word_1_303' title='bbox 0 0 1422 4702; x_wconf 95' lang='lat' dir='ltr'> </span> 
     </span>
    </p>
   </div>
  </div>
 </body>
</html>
