2798 4702
391 374 628 443 AMORUM
656 378 708 444 ΙΙ.
738 373 883 445 ELEG.
910 379 988 446 111.
1195 387 1237 452 85

173 511 242 610 Qui
261 511 391 612 primus
408 515 523 614 pueris
542 517 696 611 genitalia
713 518 863 592 membra
878 519 1015 615 recidit,¹

221 627 383 716 Vulnera,
404 659 476 729 quae
492 630 587 719 feeit,
606 633 724 706 debuit
741 635 812 734 ipse
828 634 908 734 pati.

172 742 290 817 Mollis
305 746 340 816 in
356 744 576 847 obsequium,
593 747 766 850 facilisque
784 750 982 844 rogantibus
1000 780 1108 841 esses,
1227 779 1242 827 5

221 860 258 932 si
276 877 354 934 tuus
371 861 406 935 in
424 864 538 963 quavis
559 865 792 966 praetepuisset
807 895 909 939 amor.

173 975 249 1047 Non
268 993 303 1049 tu
320 995 418 1051 natus
435 1007 539 1078 equo,
558 1009 628 1054 non
644 981 791 1056 sortibus
806 981 899 1056 utilis
916 985 1039 1058 armis:

222 1089 346 1166 Bellica
363 1122 434 1167 nou
450 1093 572 1171 dextrae
589 1098 746 1172 convenit
764 1097 860 1172 basta
876 1115 949 1173 tuae.

172 1208 240 1280 Ista
255 1236 361 1283 mares
376 1228 533 1299 tractent;
549 1230 605 1300 tu,
625 1241 701 1314 spes
721 1214 852 1314 depone
867 1213 1000 1290 viriles:

222 1325 297 1400 Sint
316 1327 379 1401 tibi
396 1357 471 1402 eum
488 1328 621 1404 domina
641 1331 736 1426 signa
754 1330 889 1406 serenda
906 1349 973 1407 tua.
1214 1372 1243 1408 m

176 1441 270 1516 Hane
287 1443 389 1545 imple
406 1447 554 1521 meritis:
572 1446 673 1545 bujus
693 1447 755 1520 tibi
769 1449 874 1542 gratia
891 1448 1022 1549 prosit;

222 1559 259 1632 Si
276 1590 385 1636 careas
403 1561 478 1651 itta,
500 1566 575 1666 quis
594 1582 672 1637 tuus
689 1591 771 1637 usus
789 1563 874 1637 erit?

175 1676 242 1749 Est'
254 1676 351 1751 etiam
368 1679 485 1769 facies,
504 1699 583 1754 sunt
601 1681 670 1780 apti
688 1679 820 1754 lusibus
837 1682 940 1757 anni..

224 1792 365 1889 Indigna
382 1815 433 1870 est
448 1797 547 1898 pigro
561 1796 667 1871 sorma
685 1797 792 1897 perire
810 1798 887 1871 situ.

176 1908 301 1985 Fallere
319 1929 350 1986 te
367 1913 497 2013 potuit,
517 1914 666 2015 quamvis
683 1913 825 1989 habeare
842 1912 1025 1990 molestus:
1214 1939 1244 1990 15

225 2030 301 2102 Non
318 2048 407 2104 caret
421 2030 557 2117 effectu,
578 2030 668 2131 quod
686 2028 819 2104 voluere
837 2028 916 2103 duo.

176 2145 297 2246 Aptius
314 2163 354 2218 nt
370 2144 472 2218 suerit
486 2144 643 2245 precibus
661 2162 820 2232 tentasse,
840 2172 996 2240 rogamus
1011 2173 1021 2233 3

184 2255 188 2262 ¹
224 2262 315 2335 Dum
327 2260 413 2336 bene
433 2262 582 2362 ponendi
598 2290 735 2337 munera
753 2280 884 2362 tempus
901 2261 1016 2336 habes.

177 2442 296 2496 Palatino
307 2453 363 2496 erat
374 2465 380 2506 ;
392 2442 438 2497 sed
452 2462 501 2513 ego
513 2443 579 2496 nibil
590 2456 667 2498 muto
678 2464 685 2498 :

176 2523 286 2591 respexit
295 2523 368 2575 euim
380 2522 422 2574 itta
433 2521 529 2590 Luem,
542 2540 589 2589 tv,
605 2538 684 2577 noo:

175 2611 233 2661 Quod
247 2613 333 2650 sauereut
340 2626 457 2664 uunquam,
470 2614 509 2651 uiui
525 2623 596 2652 mutua
607 2615 685 2666 gaudia

236 2697 320 2726 notent.

210 2755 233 2807 3.
243 2758 605 2826 Quipn'mspnen'sgem’lale'a
611 2777 684 2812 men·

180 2835 226 2883 bra
234 2835 330 2885 recidit.
343 2832 503 2888 Semiramis.

212 2910 283 2960 s.1n
296 2913 444 2979 obsequium.
462 2912 602 2977 Meliores,
620 2912 684 2983 offi-

178 2994 257 3048 crum.
271 2999 298 3042 et
310 2989 390 3043 iidem
400 3010 461 3044 cnm
473 2992 572 3045 Douzae
580 2991 684 3058 codice,

172 3070 338 3136 placatusque
342 3073 487 3138 regentibus
494 3086 503 3119 .·
506 3075 684 3138 precantibus,

177 3145 230 3199 duo
241 3147 306 3201 iibri.

208 3227 232 3279 (i.
241 3229 426 3296 Prnlepm'sset.
434 3228 619 3296 Padesurltset,
630 3228 686 3281 Pu-

178 3312 285 3356 teaneue
298 3304 363 3357 alter
375 3305 557 3372 Fraueofurt.,
570 3324 631 3358 eum
642 3305 687 3358 tn'·

178 3382 227 3437 bus
239 3383 300 3436 aliis.

212 3481 234 3530 7.
246 3464 304 3514 Non
311 3467 338 3514 {a
345 3469 422 3515 natus
428 3481 492 3532 equo
499 3472 546 3516 eto
556 3462 687 3516 Demons-

178 3549 230 3591 trat
253 3538 318 3591 nibil
339 3540 387 3610 ipsi
409 3541 501 3595 meiius
523 3541 686 3610 convenire,

178 3636 258 3686 quam
270 3617 291 3669 si
308 3617 421 3672 domiuae
433 3619 480 3672 sibi
495 3619 604 3688 gratiam
616 3638 689 3673 ron-

177 3695 259 3760 eiiiet,
280 3699 380 3749 mollem
392 3716 419 3750 se
438 3697 555 3766 praebens
566 3701 594 3748 in
608 3700 688 3749 obse-

177 3776 271 3842 quium,
284 3783 310 3826 et
319 3773 583 3842 mgaeulr'bussact'lem.
593 3772 688 3841 Quum

178 3851 249 3905 euim
260 3871 308 3904 nec
317 3871 380 3920 equo
390 3859 468 3904 netas
479 3852 527 3918 sit,
541 3871 588 3904 uec
595 3857 686 3914 amr's,

178 3928 252 3982 decet
263 3948 322 3995 spes
334 3947 398 3982 eum
414 3932 549 3997 deportem,
568 3948 626 3999 quet
642 3934 688 3983 υί-

180 4026 258 4060 mrum
268 4017 339 4060 suut.

210 4103 235 4155 g
256 4088 388 4141 Tractat.
410 4088 541 4151 Praeterit,
560 4086 688 4143 meliores.

769 2447 806 2497 13.
829 2446 883 2496 Est
896 2448 975 2497 etiam
984 2442 1074 2511 facies
1092 2454 1140 2496 eto
1161 2443 1245 2510 Quasi

733 2521 814 2575 dieat:
827 2531 901 2574 utere
914 2520 1074 2585 momentis,
1087 2519 1244 2588 dumsace'es

732 2599 848 2652 domiue
860 2609 886 2651 et
898 2609 960 2652 aetas
972 2607 1039 2668 apte
1051 2603 1129 2650 ete'etm
1141 2599 1244 2652 amori-

732 2676 788 2729 bus.
801 2677 888 2729 Tuam
900 2675 972 2729 euim
984 2694 1091 2743 curam,
1105 2687 1245 2745 qnantum·

732 2755 770 2808 vis
787 2759 918 2809 molestam
929 2797 936 2818 ,
949 2755 1047 2824 fiallere
1064 2761 1165 2824 poluit,
1185 2757 1245 2826 quia

733 2852 788 2886 uou
797 2834 893 2903 effectu
900 2840 983 2897 caret,
993 2834 1064 2904 quod
1073 2838 1175 2889 voluere
1181 2838 1246 2895 deo,

733 2912 778 2982 qui
789 2912 903 2967 invicem
912 2932 967 2967 sese
979 2923 1078 2966 amant.
1090 2915 1185 2981 Aptius
1194 2912 1247 2982 igi-

734 3001 778 3043 tur
793 2990 887 3044 cedere
902 3001 927 3044 te
941 2992 1092 3061 rogantium
1109 2990 1246 3060 precibus3

734 3078 761 3121 et
776 3069 861 3136 bene,
879 3068 945 3121 dum
958 3077 1055 3137 tempus
1066 3072 1161 3131 habes,
1187 3087 1248 3121 mu·

733 3165 810 3209 uera,
824 3145 851 3199 id
864 3156 919 3212 eet,
932 3147 1018 3200 officia
1030 3138 1163 3200 collocare}

770 3245 807 3293 17.
829 3226 867 3276 U!
866 3227 951 3294 fient.
964 3228 1054 3277 Fuerit
1059 3265 1065 3286 ,
1080 3223 1191 3276 omuino
1202 3223 1248 3277 ie-

736 3301 852 3372 gendum
874 3321 905 3354 ex
925 3301 1034 3370 antiquo
1051 3299 1148 3354 codiee.
1166 3300 1247 3353 Meu.

735 3380 813 3433 biber
826 3380 1001 3444 Maffeiauus,
1015 3382 1111 3447 Aptius
1121 3379 1247 3447 utsuen't.

738 3457 816 3513 Cror.
826 3460 915 3524 Forte,
927 3460 1022 3526 Aple'us
1032 3458 1155 3525 arsami.
1164 3457 1201 3509 H.
1211 3485 1250 3507 -ι

741 3539 870 3590 Tentasse.
888 3539 1011 3599 Tentare,
1033 3533 1115 3589 codex
1127 3533 1244 3599 Donec,

737 3627 764 3671 et
775 3617 861 3687 prima
873 3615 962 3670 editio.

772 3695 1246 3763 18.Bcuepouendi.Beucpraestande‘,

736 3773 932 3838 Scriverianus,
950 3771 1020 3841 quod
1034 3771 1179 3843 glossatoris
1191 3782 1246 3825 est:

737 3851 833 3904 locutio
840 3850 1200 3904 euimbaecasoeueratoribue
1208 3859 1248 3904 est

737 3928 873 3994 desumta,
887 3928 932 3998 qui
940 3932 1195 3996 ponuntpecem'am
1217 3936 1248 3979 ut
1270 3924 1277 3931 ⁴

737 4008 805 4060 Hor.
818 4006 902 4076 Epod.
914 4023 952 4074 rr,
963 4025 1030 4060 vere.
1040 4007 1086 4059 ult.
1099 4016 1126 4059 et
1137 4006 1250 4059 Terent.

738 4084 850 4154 Adelph.
865 4100 904 4151 tt,
924 4105 955 4152 π,
969 4085 1100 4154 sanceore
1115 4083 1186 4138 dixit
1202 4083 1234 4136 B.
