2798 4702
327 295 487 363 ARTIS
517 296 800 364 AMATORIAE
833 301 930 367 LIB.
962 305 1012 368 ll.

195 432 364 507 Audacem
381 433 501 533 pennis
517 435 663 532 repperit
677 432 732 508 illc
748 437 843 509 viam.

148 549 303 624 Daedalus
320 566 359 623 ut
376 548 494 623 clausit
512 567 709 650 conceptum
727 551 863 625 crimine
879 555 1013 640 matris,

195 666 469 765 Semibovemque
483 666 606 753 virum,
622 667 875 768 semivirumque
893 669 1031 759 bovem;

149 784 199 858 Sit
214 781 333 856 modus
350 781 482 867 exsilio,
502 781 602 868 dixit,
615 783 797 879 justissime
815 784 949 857 Minos:

196 899 348 999 Accipiat
365 899 490 971 cineres
508 913 593 971 terra
608 917 745 997 paterna
762 929 863 975 meos.

150 1016 196 1086 Et
210 1014 369 1114 quoniam
386 1013 421 1084 in
440 1013 565 1112 patria,
583 1012 660 1085 satis
674 1015 817 1108 agitatus
833 1017 974 1115 iniquis,

196 1128 313 1202 Vivere
327 1158 396 1201 uon
410 1129 526 1229 potui,
545 1129 589 1201 sit
604 1129 687 1200 mihi
705 1159 804 1231 posse
820 1133 928 1204 mori!

150 1244 201 1317 Da
218 1243 360 1316 reditum
376 1269 497 1343 puero,
517 1243 606 1316 senis
624 1260 675 1317 est
689 1245 716 1316 si
734 1246 839 1339 gratia
855 1246 951 1319 vilis:

198 1359 319 1431 Sinon
332 1359 381 1431 vis
398 1387 503 1459 puero
521 1386 668 1456 parcere,
689 1387 784 1456 parce
802 1360 882 1433 seni.
1177 1384 1213 1433 30

150 1475 288 1549 Dixerat
303 1474 393 1547 haec:
410 1472 468 1546 sed
485 1489 518 1546 et
534 1473 622 1561 hcc,
642 1491 675 1546 et
691 1473 798 1548 multo
817 1473 913 1575 plura
930 1473 1050 1548 licebat

199 1592 335 1678 Dicere3
353 1608 388 1662 at
403 1615 554 1684 egressus
571 1618 641 1663 non
659 1589 760 1663 dabat
776 1589 833 1664 illc
850 1591 933 1663 viro.

152 1705 255 1799 Quod
273 1703 426 1778 simulac
444 1704 545 1778 sensit
563 1735 571 1777 :
588 1707 703 1793 Nunc,
722 1734 862 1794 cnunc,
883 1706 1033 1794 Daedale,
1051 1707 1152 1796 dixit,

201 1822 391 1910 Materiam,
410 1821 536 1921 quasis
553 1822 760 1917 ingeniosus,
775 1823 888 1896 habes.

47 1960 58 1975 ·
153 1937 306 2010 Possidet
323 1956 356 2011 et
370 1954 488 2025 terras,
506 1956 541 2012 et
556 1937 705 2038 possidet
720 1964 853 2037 aequora
870 1936 1007 2010 Minos:
1180 1958 1214 2011 35

197 2055 266 2127 Nec
285 2052 381 2127 tellus
397 2072 533 2141 nostra,
552 2082 613 2127 nec
628 2072 721 2154 patet
736 2053 825 2126 unda
841 2053 936 2147 suga.

154 2170 269 2263 Restat
286 2170 349 2244 iter
365 2169 444 2244 caelo
461 2201 468 2242 :
484 2169 563 2243 caelo
574 2170 785 2246 ,tentabimus
801 2170 858 2240 ire.

200 2287 253 2359 Da
269 2287 396 2362 veniam
414 2303 540 2386 coepto,
558 2287 691 2388 Jupiter
707 2286 788 2374 alte,
806 2287 903 2358 meo!

152 2402 230 2473 Non
244 2430 306 2497 ego
325 2401 468 2475 sidereas
486 2400 614 2476 adfecto
632 2420 765 2498 tangere
780 2402 884 2475 sedes.

186 2583 224 2632 25.
231 2582 463 2639 Sitmodusetttto.
471 2582 591 2635 dr'xttetc
596 2582 658 2637 Non
708 2585 740 2637 tis
750 2594 777 2637 et
786 2594 845 2637 octo
855 2582 907 2635 aliis
918 2603 924 2644 ;
937 2579 981 2634 sed
991 2581 1093 2632 trustra.
1103 2580 1213 2632 Metam.

154 2655 295 2710 defuerunt
313 2657 384 2709 inter
407 2656 536 2724 criticos,¹
549 2659 594 2727 qui
610 2658 661 2713 hoc
708 2678 741 2729 11,
753 2663 808 2734 ιδῃ
818 2663 1009 2728 Quodstmutac
1015 2676 1118 2717 sensere,
1128 2665 1215 2709 ruunt:

155 2737 278 2788 s'aesaao'tm
295 2732 494 2803 damnaverint,
508 2754 562 2788 non
580 2735 661 2789 ruodo
712 2751 824 2809 quatuor
832 2739 889 2791 libri
901 2779 907 2804 ,
921 2756 986 2790 nanc
996 2756 1011 2788 o
1021 2737 1214 2797 nuncDedate,

155 2813 214 2881 quia
231 2813 348 2883 longius,
366 2814 411 2867 sed
428 2813 499 2884 quod
516 2816 605 2870 minus
621 2815 660 2868 rei
709 2814 1119 2872 concinnius:senta‘tetiamrecte
1131 2811 1216 2866 Corn-

155 2892 293 2961 propositae
320 2911 487 2961 congruum,
518 2893 660 2948 videretur.
711 2896 875 2949 meliniauus.
889 2896 990 2947 flans.

156 2969 210 3023 Cui
221 2969 329 3039 quidem
342 2972 499 3038 sententie,
512 2973 572 3026 ticet
584 2971 662 3042 paulo
742 2974 781 3041 34.
793 2975 975 3026 Habealtate.
984 2968 1216 3026 Francosurtensis.

156 3047 267 3117 duriori,
280 3068 335 3102 non
348 3068 453 3119 possum
467 3050 530 3119 quin
546 3061 661 3120 exparte
742 3052 782 3103 35.
795 3052 913 3103 Possidet
921 3057 948 3102 et
956 3056 1042 3101 terras.
1055 3047 1218 3117 Argentinus

156 3127 246 3179 satiem
254 3127 395 3195 adsentiar,
402 3130 535 3199 fatearque
543 3148 598 3182 non
608 3139 661 3183 tarn
710 3138 736 3181 et
748 3148 817 3181 unus
829 3129 990 3192 Vaticanus,
1011 3137 1038 3180 et
1053 3144 1101 3196 pro
1118 3124 1219 3178 diversa

157 3216 302 3273 opportune
321 3205 415 3260 adduci
431 3206 563 3274 subulam,
582 3226 662 3277 quarn
710 3207 821 3259 lectione
832 3203 1041 3265 Arundelianus‚
1055 3206 1218 3256 Possa'deten.

157 3283 259 3352 egregie
271 3303 285 3335 a
298 3295 374 3353 poeta
387 3286 498 3338 tractari.
513 3286 661 3340 Perlectam
712 3283 777 3337 lnde
791 3282 932 3354 legendum
946 3282 1071 3336 Heinsius
1082 3282 1218 3339 censebat:

158 3377 220 3410 ΜΟ
234 3361 291 3426 quis
302 3380 317 3412 a
328 3361 444 3415 carmine
455 3364 587 3417 censuerit
599 3383 663 3418 em-
711 3366 799 3406 Possidet
807 3380 832 3403 en
841 3374 901 3403 terras
907 3393 914 3413 ,
929 3378 953 3402 cn
963 3365 1048 3416 possidat
1058 3378 1135 3415 :quoru
1144 3366 1218 3403 Minos.

157 3436 288 3491 landam?
744 3440 783 3510 37.
797 3430 890 3490 Restat
897 3442 1012 3492 atercaett.
1021 3441 1088 3491 Celo
1097 3436 1220 3490 Pontiani

192 3516 232 3568 28.
245 3518 290 3567 Da
302 3520 447 3585 mt'hr’posse
460 3524 529 3575 ποκ’.
549 3521 588 3573 Se’t
602 3523 669 3573 atti
712 3527 846 3585 excerpta,
859 3525 885 3568 ct
898 3516 950 3569 duo
964 3515 1020 3569 alii:
1033 3534 1087 3567 non
1099 3512 1175 3564 rnale.
1184 3513 1220 3563 11.

160 3593 246 3647 Jureti
271 3605 412 3663 excerpta:
431 3594 543 3665 eleganti
563 3598 665 3667 gracia-
712 3593 899 3647 Vidssroukh.
912 3594 945 3645 ad
956 3594 1075 3661 Propert.
1087 3606 1125 3653 11,
1140 3605 1220 3652 1‚ao.

160 3692 219 3738 mo,
229 3677 328 3740 γίνοιτο,
341 3677 402 3738 teu,
417 3675 538 3740 ἶνδίχοιτο.
548 3673 665 3729 Siccon·
712 3701 745 3710 —
757 3676 824 3727 Cato
835 3676 984 3725 tentabamus
993 3677 1035 3723 ire.
1047 3670 1139 3721 Caelum
1152 3666 1221 3717 Sar-

160 3762 216 3819 tra,
232 3752 289 3802 Non
299 3753 347 3809 tit,
363 3751 402 3801 Ne
411 3754 459 3810 stt,
474 3758 507 3818 pt
519 3754 619 3817 viveret,
631 3762 665 3821 μὴ
713 3750 833 3802 ravianus
845 3760 871 3802 et
883 3749 936 3800 duo
954 3748 1012 3799 alii:
1029 3745 1087 3797 vide
1100 3755 1176 3796 notas
1188 3742 1222 3795 ad

162 3829 184 3882 δ’
203 3836 256 3895 teo.
272 3831 329 3881 Non
340 3834 395 3889 est,
415 3830 451 3884 oda
468 3834 524 3893 ῒςι,
543 3846 592 3895 pro
610 3848 666 3882 non
715 3828 795 3895 Epist.
809 3842 863 3889 vn,
880 3844 903 3876 v.
917 3828 957 3890 4ο.
972 3824 1071 3876 Haans.

161 3907 235 3973 licet,
249 3926 303 3960 non
314 3905 399 3958 datur.
747 3906 785 3957 38,
804 3906 905 3968 Jupiter
920 3905 978 3953 atte.
1002 3902 1077 3952 Alme
1093 3899 1223 3954 editiones

193 3985 232 4036 33.
252 3988 327 4052 Quod
333 3988 411 4038 simut
421 4002 461 4035 ac.
475 3984 557 4036 onst
568 3991 598 4037 ut
612 3984 667 4038 Re·
714 3984 842 4047 Venetas,
857 3978 956 4051 Micytli
968 3991 994 4032 et
1008 3979 1172 4033 Bersmanni.

163 4062 285 4129 giuscurn
293 4063 416 4133 scaligeri
429 4072 455 4112 et
467 4060 554 4113 Jureti
565 4080 666 4129 excerp·
741 4062 780 4134 39.
791 4058 1222 4127 Tangcrcd'camtcreVatiectalius.
