2798 4702
316 296 469 367 ARTIS
497 298 782 368 AMATORIAE
808 300 906 366 LIB.
934 301 963 366 l.

1113 305 1177 369 255

110 442 182 514 Aut
199 438 313 514 cadere
331 456 407 513 ante
424 466 496 513 aras
514 455 766 539 commentaque
784 468 875 514 sacra
890 439 1024 534 coegit:
1111 502 1114 506 .

160 557 206 628 Et
224 555 329 630 tenuit
347 553 421 629 laeta
435 552 564 656 pellicis
579 572 654 629 exta
669 583 779 629 manu.

1130 580 1188 632 iao

111 668 292 744 Pellicihus
310 670 441 770 quoties
458 668 602 770 placavit
616 669 754 743 numina
770 670 883 756 caesis,
959 735 961 738 ,

161 790 273 888 Atque
290 788 352 877 ait,
370 804 445 862 exta
462 803 599 861 tenens:
616 787 683 873 lte,
699 783 826 886 placete
842 788 936 858 mco!

113 914 159 985 Et
171 911 273 984 modo
291 939 325 985 sc
339 913 499 1010 Europen
513 907 606 997 fieri,
625 907 727 981 modo
743 906 894 1010 postulat
909 911 948 982 lo
963 939 971 982 ε

161 1033 274 1109 Altera
292 1033 383 1134 quod
397 1033 463 1106 bos
481 1050 547 1120 est;
566 1030 668 1106 altera
682 1050 776 1106 vecta
788 1031 886 1105 hove.

113 1158 208 1230 llanc
225 1175 334 1231 tamen
351 1154 519 1256 implevit,
536 1182 633 1228 vacca
648 1153 807 1255 deceptus
825 1181 956 1242 acerna,

163 1283 241 1356 Dux
260 1282 368 1378 gregis
381 1310 389 1368 ;
404 1298 438 1354 ct
454 1297 554 1382 partu
572 1278 726 1380 proditus
742 1295 861 1352 auctor
872 1296 951 1352 erat.

116 1407 232 1480 Cressa
248 1404 415 1505 Thyesteo
432 1403 461 1476 si
479 1431 513 1477 se
531 1402 750 1478 abstinuisset
765 1429 896 1490 amore3

165 1530 198 1602 0
218 1544 379 1628 quantum
396 1544 462 1616 est,
480 1525 540 1600 uni
556 1553 655 1627 posse
671 1523 801 1627 placere
819 1525 912 1599 viro!

115 1653 194 1754 Nou
209 1649 356 1723 medium
372 1649 518 1751 rupisset
535 1650 613 1738 itcr;
634 1676 800 1751 curruque
812 1667 940 1723 retorto

165 1776 331 1848 Auroram
348 1774 450 1848 versis
468 1773 618 1849 Phoehus
636 1773 760 1848 adisset
775 1774 881 1874 cquis,

116 1896 202 1971 Filia
218 1926 405 1999 purpureos
421 1897 506 1972 Niso
525 1897 633 1973 {irrata
651 1896 810 1999 capillos,

150 2112 206 2184 ³¹9·
225 2112 505 2178 Commeriaquesaerae.
515 2111 627 2164 murita

118 2189 251 2243 Palatinus
263 2209 331 2243 uuus
347 2200 373 2241 et
386 2191 506 2258 Aprosil‚
519 2208 568 2259 pro
580 2189 627 2243 di-

118 2286 191 2320 versa
210 2267 329 2321 lectione.
348 2267 442 2320 Dousa
458 2268 583 2337 explicat,
597 2278 628 2321 ut

116 2348 252 2402 indictivas
260 2349 352 2414 ferias,
361 2366 426 2416 quas
438 2348 492 2417 ipsa
501 2347 549 2400 sihi
560 2367 629 2400 coss·

116 2434 200 2478 meria
210 2436 275 2478 erat.

675 2125 776 2176 xxvitt,
783 2129 838 2179 cap.
846 2112 863 2176 4
870 2128 877 2162 :
884 2110 912 2161 A
913 2113 1021 2162 isirisere
1024 2128 1053 2163 se
1058 2115 1192 2166 eiioorrrei

675 2196 722 2242 au!
728 2195 805 2256 polu,
818 2193 846 2240 ire
854 2191 1059 2255 proscissionis
1072 2193 1189 2244 remediis

675 2269 787 2319 habetur.
801 2266 899 2318 Buttu.

710 2343 766 2415 329.
784 2345 909 2409 Rupissei
918 2349 971 2396 iler.
981 2345 1123 2411 Rapuissei
1130 2344 1190 2398 etli-

676 2419 773 2474 deruut
794 2420 858 2473 olim
876 2422 989 2488 Veneti,
1010 2421 1107 2476 deinde
1127 2423 1189 2476 Mi-

149 2504 205 2556 325,
227 2507 314 2556 Vacca
323 2505 442 2569 deceptus
453 2522 554 2555 acerra.
564 2501 625 2573 Ope
676 2497 773 2570 cyllus,
784 2499 965 2553 Bersmauuus
974 2538 982 2565 ,
992 2500 1149 2554 Vincentius
1161 2512 1189 2554 et

116 2580 212 2633 scilicet
223 2579 365 2632 Daetlzlea:
378 2583 450 2640 Οὗτος
463 2582 528 2656 (γὰρ)
538 2589 630 2648 ξυλίνην
678 2578 793 2631 Plantin.
806 2578 877 2648 quod
891 2590 918 2631 el
934 2579 961 2631 in
980 2580 1097 2648 quinque
1110 2580 1190 2634 codi-

116 2665 172 2724 βοῦν
184 2661 221 2711 iel
233 2659 627 2731 spepdsxueoesssusiesesmleoei·
677 2656 749 2710 cibus
768 2668 857 2711 emtas.
878 2657 931 2710 Sed
950 2677 1036 2724 rapere
1054 2665 1103 2711 t’ler
1119 2659 1189 2713 aliud

115 2761 160 2797 ess
172 2742 245 2789 tetus
256 2743 297 2790 sul
310 2736 414 2794 sertim
423 2740 520 2803 isoio,
531 2738 630 2813 iedeipus
677 2747 765 2802 nolui,
775 2757 805 2790 ac
813 2747 890 2806 poeta
898 2737 980 2788 voluit
990 2743 1073 2803 :mpii
1080 2744 1129 2790 s'ler
1135 2738 1189 2805 sol,

118 2839 142 2868 τι
154 2823 223 2881 Issus,
237 2822 278 2875 τὴν
295 2817 362 2888 dipsis
372 2817 504 2890 sepsipp‘upe
513 2854 521 2880 ,
530 2823 630 2876 recissis
677 2813 704 2866 id
717 2826 770 2880 esi,
780 2833 794 2866 a
805 2814 894 2866 medio
906 2835 985 2868 cursu
996 2814 1028 2867 ad
1042 2825 1132 2867 orium
1145 2835 1190 2868 re-

118 2895 204 2965 isoieep
212 2901 284 2957 illies
293 2896 302 2945 i
311 2903 390 2968 tuipse
397 2898 628 2960 responsionibus,

117 2982 160 3036 τὴν
168 2974 291 3040 Πασιφάην
302 2974 433 3024 ἶνιῦίῦασεν.
445 2974 511 3024 utsii
522 2978 546 3024 di
556 2975 630 3026 iesi-

116 3075 168 3128 με,
181 3055 210 3109 ὡς
224 3051 320 3127 ἀληθινῇ
332 3055 374 3116 psl
384 3056 497 3103 cursito.
507 3048 628 3118 Apollod.

118 3145 168 3193 111,
180 3130 356 3181 r.-Acema.
364 3129 458 3179 Aberia
467 3145 535 3180 unus
544 3128 628 3180 Vatic.

152 3209 207 3277 327.
226 3211 319 3260 Cressa
339 3207 462 3276 Thyesieo
479 3216 528 3259 etc.
542 3205 629 3259 AEro-

121 3305 171 3355 pen
185 3285 296 3350 indicat,
311 3285 386 3337 Atrei
397 3285 548 3355 conjugem.
560 3286 630 3338 Nota

119 3361 252 3415 sabula-
263 3365 362 3415 Cressa.
376 3361 475 3430 AErope
488 3382 495 3414 ι
508 3356 630 3431 Appollo-

120 3442 201 3495 dorus
213 3452 240 3493 et
252 3440 366 3495 Ovidius
378 3442 406 3494 in
418 3440 563 3509 Tristibus,
573 3443 631 3513 (lib.

120 3533 153 3585 ιι,
162 3516 265 3590 391.)et
273 3519 373 3571 Seneca
382 3520 410 3571 in
416 3518 540 3590 Thyeste.
551 3518 629 3573 Cios.

119 3625 154 3638 ·-
164 3599 195 3648 Si
202 3616 230 3648 se
241 3600 412 3650 abstinuisset.
432 3598 531 3651 Versus
544 3598 630 3667 paullo

120 3674 226 3728 durior:
234 3693 302 3727 unus
312 3674 445 3728 Palatinus
452 3715 460 3741 ,
468 3681 496 3728 si
501 3696 529 3727 se
536 3681 631 3728 lenuis·

118 3762 164 3808 set.
176 3753 330 3824 Cogitabam
344 3752 498 3822 aliquando,
511 3759 539 3805 si
545 3773 574 3805 se
584 3774 629 3807 re-

120 3838 216 3886 misser
230 3840 314 3886 amori
321 3873 329 3898 ,
340 3831 367 3885 id
384 3844 440 3899 est,
453 3843 586 3902 negasset,
600 3843 629 3885 ut

121 3911 231 3964 Metam.
243 3929 290 3978 tx,
304 3911 371 3964 506:

118 3993 147 4034 At
156 4007 195 4031 nou
204 3994 285 4033 suntid·
293 3993 388 4032 thslsmos
395 4004 477 4030 renuere
487 4004 584 4030 totorum.

118 4064 172 4118 Setl
192 4085 263 4120 nunc.
281 4066 347 4119 uihil
366 4075 450 4116 sunto.
468 4064 568 4117 Plinius
585 4061 627 4114 lib.

678 2892 733 2945 diit.
747 2894 822 2946 Bene
834 2913 898 2946 vero
911 2893 983 2947 addit
995 2897 1117 2956 medium,
1128 2896 1189 2964 quia

677 2977 726 3025 iler
734 2992 846 3039 rumpere
856 2973 936 3025 etiam
944 2973 1040 3026 dicitur
1049 2973 1081 3026 dc
1090 2974 1189 3028 difficili

678 3051 733 3111 via,
746 3070 828 3120 quum
845 3052 974 3104 obstantia
985 3055 1189 3123 perrumpimus.

710 3128 766 3180 330.
775 3131 802 3180 A
802 3149 900 3180 urorum
907 3134 995 3181 uersis.
1001 3133 1123 3183 Adrersr's
1128 3132 1188 3185 Lin-

677 3205 1189 3276 cot.;undeHeinsiusconjeceracarer

677 3292 722 3337 sis.
744 3285 785 3337 lta
805 3295 876 3337 certe
901 3285 1003 3338 Auctor
1022 3287 1119 3341 AEtnoe.
1138 3309 1188 3346 ao:

679 3365 917 3431 Aversumquediem
923 3381 932 3428 ‚¹
941 3375 968 3416 et
978 3363 1114 3419 Claudian.
1124 3369 1189 3422 Bell.

679 3439 810 3494 Gildonic.
820 3443 869 3507 doo
880 3461 887 3494 ι
899 3443 1046 3511 demitque
1051 3447 1125 3498 diere.
1135 3446 1189 3499 Sed

678 3517 743 3571 nihil
756 3536 829 3588 opus.
842 3519 940 3574 Boiu.

710 3597 767 3650 331.
784 3600 853 3649 ritis
865 3616 1008 3665 purpureos.
1021 3597 1063 3650 De
1076 3609 1189 3670 utraque

678 3673 772 3744 Scylla,
782 3694 845 3744 quas
858 3687 941 3744 poetae
954 3677 1046 3744 sepius
1057 3678 1190 3733 consude-

677 3762 756 3808 runt.
770 3752 821 3804 vid.
835 3771 893 3820 que
913 3752 1033 3805 disseruit
1048 3754 1140 3808 Heius.
1154 3757 1187 3810 ad

679 3827 763 3881 Ulixis
771 3828 898 3897 Epiust.
907 3829 1097 3898 Quidamrero
1105 3853 1189 3903 quum

678 3903 787 3956 moleste
804 3905 905 3958 ferrent
923 3907 1041 3962 tribuisse
1060 3911 1187 3966 Nostrum

678 3981 734 4035 Nisi
746 3982 815 4049 titis,
825 4002 883 4051 quae
893 3995 956 4036 suut
968 3985 1060 4059 Scyllae
1073 3992 1188 4059 alterius,

679 4080 737 4128 que
751 4061 846 4116 Phorci
859 4063 926 4130 lilia,
936 4067 1006 4118 uarie
1019 4067 1107 4124 locum
1117 4070 1189 4124 hunc
