2798 4702
215 384 251 424 12
492 360 531 424 P.
560 360 734 430 OVIDII
763 361 988 431 NASONIS

207 499 285 569 Non
302 495 383 568 mihi
400 493 489 569 mille
505 494 636 596 placent
651 527 658 569 :
673 526 742 569 non
761 526 833 572 sum
851 499 1000 576 desultor
1016 503 1159 576 Amoris.
1238 528 1269 579 15

257 611 310 681 Tu
328 609 425 696 mihi,
443 610 471 682 si
490 638 555 710 qua
570 610 670 697 fides,
689 641 766 685 cura
779 617 933 714 perennis
947 617 1052 728 “¹:2-

208 726 348 810 Tecum,
368 753 453 825 quos
471 724 619 800 dederint
637 757 741 802 annos
758 732 839 803 mihi
855 731 910 806 fila
926 734 1105 819 Sororum,

256 838 373 913 Vivere
389 841 581 936 contingam
605 860 702 943 teque
719 844 870 933 dolente,
881 849 989 919 mori!

208 956 256 1027 Te
272 955 353 1027 mibi
371 957 538 1031 materiem
555 957 683 1032 felicem
701 961 736 1032 iu
753 963 896 1034 carmina
912 963 1039 1062 prebe3

257 1072 457 1148 Provenient
472 1103 568 1148 causa
584 1077 727 1149 carmina
742 1076 844 1172 digna
859 1104 927 1151 sua.

210 1189 360 1263 Carmine
377 1219 498 1264 nomen
515 1190 655 1279 habent,
676 1194 828 1267 exterrita
846 1195 1006 1268 cornibus
1023 1197 1082 1280 lo,

256 1307 301 1379 Et
319 1335 416 1406 quam
432 1307 585 1380 fluminea
601 1305 682 1379 lusit
697 1308 826 1383 adulter
844 1341 922 1399 ave;

209 1419 374 1519 Quaeque,
393 1447 493 1518 super
508 1435 649 1518 pontum
668 1420 822 1494 simulato
840 1443 931 1497 vecta
946 1426 1108 1524 juvenco,

257 1533 414 1627 Virginea
432 1532 540 1604 tenuit
557 1560 681 1605 cornua
698 1563 773 1606 vara
790 1564 899 1608 manu.

209 1647 281 1718 Nos
300 1673 432 1744 quoque
449 1674 509 1745 per
525 1663 631 1719 totum
648 1647 772 1747 pariter
789 1649 997 1723 cantabimur
1014 1653 1149 1726 orbem:
1236 1677 1269 1726 ιι

243 1859 281 1908 ι5.
293 1857 352 1909 Non
360 1874 415 1908 snm
425 1858 643 1910 desultoramonlr.
656 1858 716 1928 0p-
764 1879 829 1913 neus
841 1860 983 1928 mendose,
998 1865 1116 1915 Carmina
1124 1884 1214 1917 numen
1221 1869 1270 1918 de-

210 1933 272 1986 time
292 1934 442 1987 Puteaneus
461 1943 487 1987 et
503 1934 713 2003 Arondelianus,
764 1943 823 1990 dent
833 1956 840 1986 :
852 1939 922 2007 quod
936 1951 962 1992 et
973 1939 1034 1992 alios
1046 1940 1146 1994 codices
1158 1961 1270 2012 occupa-

207 2029 269 2063 cum
288 2009 406 2079 ejusdem
424 2013 553 2079 Puteani,
574 2013 661 2066 Jureti
685 2033 715 2067 ac
763 2018 806 2070 vit.
820 2018 1223 2073 fleres-Esnmtacomttus
1232 2023 1270 2075 Io.

207 2085 331 2157 Scaligeri
343 2090 474 2158 excerptis.
488 2089 575 2158 Atque
591 2091 626 2143 ita
643 2089 716 2144 Car·
764 2095 942 2164 Metamorplr.
950 2095 1015 2147 libro
1027 2097 1121 2164 primo,
1133 2098 1270 2170 versb39:

212 2165 252 2218 rio
270 2166 298 2218 iu
317 2167 565 2233 emendationibus,
587 2168 653 2220 libro
671 2185 715 2235 11,
763 2186 821 2223 venir
834 2184 959 2235 ernonpn,
972 2185 1004 2223 uti
1017 2187 1142 2237 tormine
1150 2187 1237 2234 rotem,

206 2262 262 2313 cap.
277 2263 323 2310 10,
337 2245 530 2298 restituendum
539 2247 652 2299 monuit.
665 2247 716 2299 Sex
764 2257 865 2295 Inachides
875 2258 927 2308 ripas
937 2272 943 2305 3
952 2271 1040 2309 noveque
1051 2267 1071 2295 ut
1080 2260 1179 2309 conspexit
1187 2260 1208 2297 in
1218 2261 1271 2298 unde

208 2321 251 2374 alii
261 2361 267 2388 ι
280 2325 386 2375 delusos,
395 2322 596 2392 Neapolitanus,
610 2327 717 2376 simula-
764 2331 851 2378 Comus,
861 2332 978 2383 pertimuit,
989 2343 1048 2382 seqare
1058 2340 1166 2369 externata
1176 2333 1257 2387 refugit.

210 2407 268 2454 tor:
285 2403 388 2456 frustra.
397 2405 616 2455 Desedorautern
624 2406 717 2454 arnon}
796 2425 835 2455 aa.
852 2406 890 2456 Et
898 2423 972 2472 quam
976 2407 1100 2473 fluminea
1109 2416 1156 2458 etc.
1170 2404 1270 2459 Ledam

211 2490 269 2547 est,
290 2482 334 2549 qui
352 2500 407 2533 nou
420 2491 507 2545 amat;
525 2485 651 2543 desultor,
671 2480 715 2549 qui
764 2478 898 2549 designat,
913 2481 994 2551 Epist.
1006 2498 1080 2547 xt'tt,
1095 2482 1141 2536 56:

211 2558 716 2626 amatinconstanter,nunchanc,uuuc
787 2563 1213 2614 Querulumgemisceret-tovnm.

210 2638 281 2690 illam
292 2649 401 2692 secutus.
416 2640 515 2693 Hmrrs.
765 2635 817 2688 Ubi
827 2636 945 2688 miranda
959 2655 1062 2706 semper
1074 2648 1157 2705 poete
1168 2639 1271 2690 versati·

246 2716 282 2767 18.
306 2718 389 2783 Teque
404 2718 522 2777 dolente,
537 2722 605 2768 mori.
625 2715 716 2769 Codex
763 2711 831 2773 litos,
845 2732 901 2783 quae
909 2734 950 2767 res
958 2714 1062 2767 easdem
1073 2716 1173 2784 quoties
1183 2735 1270 2768 renar-

210 2786 323 2861 Regius,
343 2797 369 2844 Ie
380 2797 513 2854 monente,
527 2799 603 2853 non‘,
618 2803 716 2862 argute.
764 2801 819 2857 rat,
841 2792 917 2843 toties
934 2795 1008 2844 novis
1023 2792 1161 2845 adumbrat
1172 2793 1271 2849 ,colori-

210 2871 368 2941 Scripserat,
382 2881 501 2941 utputo,
514 2872 627 2937 Noster,
646 2878 716 2940 leque
765 2869 820 2922 bus.
839 2868 994 2938 Quidquam
1007 2871 1047 2924 rin
1059 2872 1103 2924 illo
1115 2891 1190 2925 versu
1201 2871 1270 2941 lepi-

208 2954 327 3015 obeunte,
341 2956 410 3004 mori.
424 2952 459 3004 H.
470 2950 541 3004 Nihil
554 2960 673 3013 mutem
691 2957 718 3003 le
765 2945 823 2998 dius
833 2946 975 3015 excogites,

209 3033 324 3098 dolente,
333 3029 429 3084 scilicet
438 3069 446 3096 ,
456 3029 476 3082 si
483 3027 678 3094 desultorfiam,
690 3038 716 3080 et
812 3032 837 3068 Εἰ
846 3028 1002 3081 tmssfflim
1010 3032 1056 3068 ¹³⁸1*
1065 3032 1191 3070 “lutm-

213 3110 290 3163 aliam
302 3130 390 3164 amem
402 3130 408 3162 :
421 3109 522 3162 nullam
534 3128 596 3178 ergo
611 3108 717 3161 dolendi
796 3105 835 3157 23.
844 3109 957 3172 (lneque.
966 3109 1273 3171 superponlurnsr'mnlnlo

211 3189 717 3258 materiemsetevitatosuapraebiturum
763 3187 958 3254 vectejueenco.
975 3184 1126 3252 Europaei
1134 3184 1271 3253 adjunctis.

210 3263 299 3316 amice
311 3265 452 3334 pollicetur.
463 3264 716 3319 Solemuceoseusu
797 3268 835 3331 αξ.
858 3268 975 3332 Vr'rpr'nea
993 3266 1075 3314 tenuit
1088 3282 1182 3315 cornua
1194 3265 1271 3332 false

213 3343 302 3394 dolere.
315 3342 412 3396 Bonos.
763 3363 845 3396 mene.
854 3345 1028 3396 Comuaonra.
1042 3339 1135 3392 Carrio
1143 3340 1170 3392 iu
1182 3358 1270 3393 emen·

246 3439 285 3472 ao.
301 3422 453 3474 Provenient
461 3440 542 3474 cause
550 3426 662 3474 cermr'ne
671 3424 718 3472 dr'-
764 3421 929 3473 dationibus:
943 3417 1075 3487 quomodo
1087 3419 1235 3471 Puteaneus
1244 3428 1271 3470 et

209 3519 262 3567 ena
275 3518 329 3550 sua.
347 3500 497 3552 Provenient
509 3515 516 3545 ι·
531 3497 716 3567 producentur.
765 3499 950 3568 Neapolitanus
963 3518 993 3550 er
1005 3498 1107 3551 uostris.
1118 3496 1271 3549 Aroudclia·

213 3575 360 3631 Translatio
368 3587 407 3631 est
415 3587 517 3646 sumpta
525 3577 556 3629 ab
569 3575 716 3642 arboribus,
763 3596 827 3643 nus,
835 3596 896 3628 vern
905 3593 912 3624 :
921 3576 974 3629 duo
982 3577 1023 3629 atii
1033 3617 1040 3641 ,
1049 3595 1130 3629 curva.
1141 3575 1271 3643 Excerpta

213 3655 333 3722 aquibus
343 3654 405 3708 boui
418 3653 644 3709 autmalisructus
656 3673 718 3720 pro-
764 3653 882 3722 Dounae,
898 3674 989 3722 presse
1006 3671 1014 3702 :
1034 3671 1177 3724 perperam.
1202 3655 1271 3704 Vere

213 3733 465 3788 eemtedicuutnn-
476 3737 559 3788 Causa
566 3733 717 3787 teeBersm.
764 3751 863 3785 cornua
871 3745 898 3785 et
903 3738 1002 3801 patula,
1013 3732 1114 3785 eadem.
1121 3731 1220 3784 Patalis
1229 3751 1270 3784 ce·

213 3821 241 3864 et
249 3811 307 3874 alii;
320 3831 402 3863 cause
413 3820 463 3867 tue
472 3812 571 3887 Gryph.
581 3823 607 3865 et
615 3812 641 3865 iu
651 3831 718 3865 mar·
763 3831 833 3864 nera
844 3812 1051 3881 opponebantur.
1065 3811 1164 3862 {durus

214 3889 274 3959 gine
287 3889 442 3944 Bersmanu.
453 3895 605 3945 Provenient
614 3910 717 3960 quoque
797 3892 835 3942 25.
845 3886 1270 3958 Nosquoque.Franrirrsmaiebat,
1362 3931 1366 3939 .

214 3969 232 4022 J
235 3968 288 4022 unii
296 3966 381 4022 etduo
387 3968 429 4021 atii
436 4008 443 4034 ,
450 3989 509 4022 cum
516 3969 717 4037 Douraecodice,
768 3971 807 4021 Te
818 3987 911 4036 quoque
924 3985 974 4034 per
983 3971 1061 4017 tolum
1069 3970 1167 4030 penten
1177 3971 1270 4016 canta-

214 4057 241 4101 et
254 4046 288 4100 ita
300 4045 380 4099 edidit
392 4045 532 4117 Gryphius.
764 4052 830 4101 ben's
842 4051 931 4101 orbem.
943 4073 975 4084 -
987 4042 1040 4097 Sed
1049 4043 1091 4096 hic
1102 4064 1208 4114 quoquc,
1221 4061 1270 4113 pro

246 4144 285 4177 ar.
299 4126 414 4178 Carmine
421 4143 507 4177 nornen
514 4128 614 4178 hebent.
626 4125 718 4178 Putea·
765 4144 816 4178 une
824 4164 831 4188 ,
851 4127 929 4177 simul
937 4122 1107 4177 cantabimur.
