2798 4702
203 297 269 364 318
487 298 526 360 P.
552 295 733 363 OVIDII
761 295 991 365 NASONIS

202 441 271 538 Qui
291 439 356 513 sibi
373 455 473 511 notus
492 439 569 525 erit,
583 435 674 511 solus
692 439 856 538 sapienter
872 441 996 514 amabit
1011 472 1020 529 ;

249 561 362 659 Atque
380 585 465 657 opus
482 555 524 630 ad
541 556 628 630 vires
647 556 755 651 exiget
771 583 867 628 omne
884 586 971 631 suas.

202 675 266 749 Cui
282 673 397 748 faciem
414 688 530 746 natura
550 671 660 758 dedit,
676 690 843 773 spectetur
858 672 900 746 ab
918 673 995 748 illa:

251 789 314 862 Cui
332 785 424 860 color
440 805 505 874 est,
521 787 659 860 humero
676 817 762 888 sape
777 806 909 889 patente
928 791 1036 863 cubet.

201 905 272 1003 Qui
290 931 438 977 sermone
453 902 581 1003 placet,
599 904 760 977 taciturna
778 903 909 978 silentia
925 906 1026 978 vitet:
1223 932 1273 982 505

249 1020 320 1116 Qui
338 1019 426 1093 canit
439 1037 526 1106 arte,
542 1038 656 1093 canat:
673 1021 732 1120 qni
749 1020 837 1094 bibit
852 1040 941 1109 arte,
960 1023 1065 1097 bibat.

200 1137 266 1211 Sed
279 1165 387 1237 neque
406 1136 589 1210 declament
603 1136 714 1210 medio
732 1165 884 1211 sermone
899 1138 1035 1228 diserti;

249 1255 319 1326 Nec
337 1281 396 1326 sua
411 1281 480 1325 nou
497 1280 597 1325 sanus
615 1252 738 1354 scripta
756 1272 853 1354 poeta
869 1253 967 1350 legat.
984 1288 1002 1319 »

200 1369 256 1442 Sic
273 1369 405 1442 monuit
421 1368 590 1442 Phoebus:
607 1368 738 1443 Phoebo
755 1388 867 1469 parete
883 1371 1053 1444 monenti:

251 1485 349 1557 Certa
366 1483 430 1555 Dei
444 1511 536 1557 sacro
554 1502 607 1557 est
623 1484 725 1582 hujus
742 1485 777 1558 in
795 1513 851 1558 ore
867 1485 968 1559 fides.
1222 1509 1273 1560 510

201 1598 256 1674 Ad
271 1597 426 1698 propiora
443 1602 566 1674 vocor!
586 1600 752 1701 Quisquis
769 1600 936 1700 sapienter
951 1600 1094 1690 amabit,

249 1717 385 1801 Vincet,
404 1733 436 1788 et
451 1735 610 1806 enostra,
627 1718 717 1818 quod
735 1734 846 1817 petet,
862 1734 932 1790 arte
948 1717 1039 1791 seret.

201 1830 335 1906 Credita
350 1859 411 1903 nec
429 1860 558 1934 semper
574 1831 659 1907 sulci
675 1860 751 1905 cum
766 1831 891 1905 foenore
909 1831 1074 1922 reddunt;

239 1948 320 2019 -rtec
338 1975 468 2052 semper
485 1948 604 2022 dubias
621 1946 754 2047 adjuvat
769 1976 849 2022 aura
866 1965 962 2021 rates.

202 2068 305 2167 Quod
317 2069 429 2168 juvat,
446 2072 618 2166 exiguum
631 2071 708 2173 plus
723 2089 789 2160 est,
802 2070 892 2172 quod
904 2069 995 2144 laedit
1007 2088 1168 2145 amantes:
1215 2093 1270 2145 515

250 2195 445 2295 Proponant
461 2195 571 2269 animo
588 2194 693 2269 multa
709 2194 844 2270 ferenda
861 2224 932 2269 suo.

202 2317 297 2413 Quot
310 2316 439 2418 lepores
457 2320 492 2390 in
510 2320 617 2406 Atho,
633 2339 717 2420 quot
731 2349 808 2421 apes
825 2336 1008 2421 pascuntur
1025 2319 1060 2393 in
1075 2318 1205 2420 Hybla,

250 2440 378 2514 Gamla
396 2458 478 2542 quot
496 2441 612 2515 baccas
627 2440 781 2516 Pallados
798 2443 898 2518 arbor
910 2443 1030 2531 babet;

200 2562 313 2635 Litore
333 2582 415 2664 quot
433 2564 581 2651 coucbae,
597 2581 648 2638 tot
661 2583 742 2638 sunt
755 2566 791 2638 in
808 2594 918 2640 amore
936 2562 1086 2640 dolores:
1150 2658 1152 2662 Ι

250 2685 336 2781 Quae
351 2687 511 2785 patimur,
525 2687 633 2760 multo
649 2686 776 2787 spicula
795 2687 872 2763 selle
888 2688 1032 2762 madent.
1125 2734 1128 2738 -
1221 2706 1273 2758 520

202 2913 216 2946 e
236 2893 298 2946 caelo
316 2891 477 2946 descendisse
492 2894 614 2947 Juvenal.
635 2895 714 2949 Satir.
762 2893 1271 2963 Nondumtamenvr'lctdisplireat,quod

202 2986 307 3041 x1,27‚
324 2980 351 3024 ct
359 2976 459 3037 pectore
476 2977 579 3025 memori
593 2979 713 3025 tractari·
761 2972 920 3042 praecipienti
928 2971 1158 3040 magisconveuire
1166 2972 1270 3025 mibivi-

201 3053 273 3113 duur,
287 3047 450 3119 predicabat.
470 3051 527 3104 Nec
540 3049 636 3118 injuria
648 3051 714 3119 qui·
762 3048 1271 3103 deturzsedlacr'lumasr'leutr'alorteali·

201 3127 283 3195 dem,
296 3129 454 3197 quicumque
467 3129 546 3183 suerit
559 3140 665 3196 auctor,
681 3150 712 3182 ox
761 3128 804 3182 cui
821 3146 874 3180 non
896 3126 1048 3195 placerent,
1060 3138 1087 3180 et
1104 3129 1270 3182 Francosurt.

200 3209 257 3279 ipso
279 3213 341 3262 calo
362 3207 501 3262 demissam
525 3208 619 3264 dixeris
645 3228 714 3264 sen-
760 3204 856 3259 codicis
875 3205 1031 3273 scripturam
1048 3207 1183 3274 proterret
1198 3212 1272 3260 ποτὶ-

201 3286 330 3352 tentiam,
344 3285 415 3340 unde
425 3326 433 3352 ,
443 3287 465 3340 si
477 3287 573 3341 rectius
582 3298 712 3353 serretur,
759 3288 939 3345 [trudentia.
951 3302 1009 3353 qnae
1017 3304 1136 3338 amorem
1146 3304 1200 3338 non
1211 3304 1271 3355 pro·

201 3366 348 3423 efflorescat
360 3368 477 3421 humana
488 3366 596 3421 solicitas
608 3385 714 3420 necesse
760 3373 886 3430 movent,
901 3363 946 3416 sed
959 3363 995 3415 illi
1007 3375 1112 3417 nocent.
1125 3365 1222 3418 Burin.

200 3456 248 3500 est.
259 3445 313 3500 sed
323 3444 460 3499 latendum
472 3455 510 3497 est
522 3445 659 3508 Nostrum,
671 3443 713 3495 ‹ti-
801 3442 858 3494 513.
886 3444 1006 3509 Quisquis
1022 3447 1151 3510 sapienter
1168 3446 1273 3495 malet.

200 3524 293 3577 vinum
318 3523 369 3577 hoc
392 3532 553 3593 praeceptum
571 3521 714 3575 levioribus
761 3521 869 3577 Rectius
878 3524 984 3577 sortasse
994 3524 1022 3577 in
1030 3524 1272 3591 nonnullisfflalicu-

202 3601 347 3655 admodum
359 3601 401 3653 hic
412 3599 489 3652 rebus
505 3598 712 3652 accommodare.
760 3606 911 3655 armabit.
924 3603 1054 3656 Nausea.

234 3679 714 3744 595.Taseturaasitentnwtet.1nm-
794 3683 850 3732 515.
871 3683 947 3746 Quod
956 3685 1033 3733 ladit.
1051 3681 1161 3734 Mallem
1172 3678 1273 3730 distin-

198 3764 247 3821 pat
254 3798 260 3820 ,
279 3767 399 3827 excerpta
409 3757 426 3809 J
430 3756 497 3810 ureti
508 3768 535 3809 et
550 3767 663 3825 quatuor
682 3776 714 3810 ex
761 3777 840 3828 gnere
850 3777 857 3810 :
867 3762 930 3812 Ptns
941 3766 993 3821 est,
1005 3763 1073 3827 qnod
1079 3763 1148 3811 ledat
1157 3763 1274 3809 amantes
1323 3784 1327 3789 ·

202 3837 304 3890 nostris.
314 3837 371 3890 Lib.
383 3853 410 3902 1,
425 3837 535 3890 Metam.
548 3837 612 3889 208:
759 3840 970 3904 Proponantete,
984 3840 1095 3906 ntjuvat
1102 3834 1272 3889 etlaedilsim·

201 3918 280 3976 ξυιιίιεῐ
288 3920 324 3959 boc
335 3922 406 3959 iterum
414 3933 501 3958 sermone
514 3920 591 3958 silentia
599 3920 661 3970 rupit.
760 3915 861 3982 pliciter
872 3915 924 3968 sint
936 3918 1025 3984 penita,
1037 3917 1149 3979 Bonus

203 3991 409 4056 Rumpcrcetiam
421 3992 515 4045 llorat.
529 3991 613 4062 Epod.
625 4010 653 4057 v,
663 3993 710 4046 85:
794 3992 1217 4060 520.Multospr'cnlascllenraedcul.
1229 3995 1270 4046 Vr·-

201 4067 255 4120 aad
262 4071 352 4120 dobras
363 4074 428 4132 unde
444 4078 566 4136 rumperet
576 4074 712 4124 sr'lcule'm.
760 4081 816 4125 rent
826 4091 895 4126 unus
908 4073 1014 4141 Regius.
1032 4070 1142 4129 Metam.
1156 4087 1193 4137 11,
1208 4064 1269 4140 77⁴7:
