2798 4702
161 370 228 455 446

430 371 469 435 Ρ.
509 368 691 436 OVIDII
720 368 947 440 NASONIS

209 507 303 584 Celet
317 509 448 594 Athos3
464 507 571 582 cultas
587 508 675 582 altus
691 508 832 584 habebit
848 509 968 584 Athos.
1212 540 1248 592 30

158 629 222 700 Est
238 626 335 700 etiam
351 624 514 726 placuisse
532 625 599 699 sibi
617 642 864 726 quotacumque
881 625 1059 726 voluptas:

207 741 406 838 Virginibus
422 741 514 814 cordi
532 759 689 843 grataque
706 741 814 816 forma
828 771 888 816 sna
902 760 962 817 est.

123 910 139 948 ι,
160 858 324 935 Laudatas
341 859 472 933 bomini
490 857 634 932 volucris
649 859 797 932 Junonia
813 888 941 960 pennas

210 974 379 1077 Explicat,
394 993 428 1049 et
443 974 550 1049 sorma
562 993 655 1050 muta
672 976 827 1076 superbit
845 978 925 1051 avis.

163 1091 217 1167 Sic
234 1092 350 1193 potius
365 1118 429 1164 nos
445 1108 520 1164 uret
537 1120 649 1178 amor,·
669 1121 770 1192 quam
786 1092 932 1168 sortibus
948 1091 1084 1186 herbis,
1209 1121 1244 1173 35

211 1210 306 1306 Quas
318 1235 415 1302 maga
434 1205 575 1279 terribili
593 1207 747 1281 subsecat
764 1228 834 1282 arte
852 1238 979 1284 manus.

160 1327 229 1400 Nec
246 1352 307 1396 vos
324 1321 546 1417 graminibus,
564 1351 624 1396 nec
637 1324 742 1397 mixto
762 1324 884 1399 credite
903 1351 1023 1399 succo:

210 1444 280 1514 Nec
296 1456 419 1513 tentate
437 1467 563 1512 nocens
577 1439 669 1513 virus
687 1443 827 1515 amantis
846 1470 948 1542 equa.

162 1560 230 1632 Nec
247 1553 360 1628 mediae
379 1554 501 1628 Marsis
518 1553 692 1628 finduntur
709 1557 863 1630 cantibus
881 1584 1028 1652 angues3

210 1675 280 1746 Nec
296 1669 384 1744 redit
398 1670 435 1742 in
447 1669 556 1744 fontes
572 1671 662 1744 unda
679 1673 799 1773 supina
816 1700 906 1745 suos.

161 1790 207 1861 Et
224 1787 374 1889 quamvis
391 1785 512 1885 aliquis
529 1788 694 1861 Temesaea
711 1788 888 1861 removerit
905 1816 986 1877 aera,

211 1905 390 2003 Nunquam
408 1905 503 1976 Luna
519 1903 589 1976 suis
607 1905 792 1979 excutietur
810 1905 915 2005 equis.

163 2133 211 2185 pro
222 2134 323 2179 omare,·
332 2112 404 2167 unde
411 2153 418 2179 ‚
426 2120 533 2179 paratus
542 2132 590 2183 pro
597 2117 673 2167 cultu.

165 2193 317 2263 Propertius
329 2192 396 2245 libro
410 2192 453 2258 ll,
468 2191 539 2261 Eleg.
553 2208 634 2244 xxtv:

188 2277 213 2314 Et
223 2289 244 2313 se
253 2277 298 2326 plus
307 2275 340 2314 imi
350 2276 366 2313 si
375 2288 413 2326 epu
421 2287 488 2325 ραι-ατε
496 2282 566 2324 potest.

165 2349 206 2402 De
218 2355 311 2401 venatu
321 2353 414 2400 amonis
426 2347 484 2400 alibi
496 2347 605 2400 dictum.
617 2348 672 2400 Vi-

166 2428 253 2482 derint
264 2428 406 2481 acutiores:
415 2446 464 2496 ego
473 2427 545 2479 euim
557 2427 598 2479 hic
607 2426 672 2480 mihi

163 2508 205 2559 vix
219 2506 354 2560 satisfacio.
367 2507 467 2558 Htms.
477 2533 512 2544 -
523 2505 651 2575 Legerem
663 2544 671 2573 ,

162 2585 248 2655 inquit
261 2585 432 2637 Burmannus
444 2603 450 2636 :

161 2676 198 2714 Per
207 2688 227 2714 se
235 2688 317 2727 qunque
324 2684 378 2726 pent
387 2704 393 2722 ,
401 2687 436 2712 nee
446 2688 485 2726 quo
493 2683 576 2712 venetur
584 2685 659 2712 amores

183 2748 263 2787 Profert
273 2762 278 2788 :
287 2748 388 2786 mundium
395 2747 477 2785 erimine
485 2748 540 2784 nulle
552 2754 633 2784 memt-

161 2823 305 2875 Hocsensu
314 2861 321 2888 ,
330 2839 495 2890 unaquaque
506 2821 562 2874 sine
576 2839 625 2890 ope
636 2819 670 2872 al·

721 2115 842 2184 optarim.
854 2117 940 2168 Vocat
952 2123 1042 2168 autem
1053 2119 1149 2167 malaue
1162 2115 1237 2187 (opi-

721 2191 880 2264 nor)poeta,
889 2213 945 2246 non
957 2193 1017 2262 quia
1025 2191 1052 2245 iu
1061 2202 1148 2245 toturn
1159 2205 1236 2247 muts

721 2273 770 2339 sit,
781 2272 826 2325 scd
839 2271 910 2340 quod
922 2282 1030 2325 cautum
1042 2270 1146 2323 nullum
1159 2271 1235 2338 edat,

721 2351 766 2405 sed
785 2362 888 2405 tantum
908 2350 1073 2404 inconditum
1086 2349 1236 2418 quemdam

721 2439 747 2481 et
764 2448 875 2482 raucum
893 2427 1044 2482 clamorem
1063 2427 1098 2481 Et
1115 2427 1198 2498 quid,
1212 2430 1234 2482 si

720 2507 882 2578 slullalegas,
889 2526 937 2577 pro
943 2505 1235 2560 multarttrcrutdem

720 2585 763 2638 lib.
774 2586 849 2638 Mart.
857 2593 933 2638 caula
942 2587 1060 2653 superbit.
1071 2583 1149 2638 Alter
1158 2603 1233 2650 vero,

720 2671 869 2716 mularnon
880 2663 1006 2731 displicet.
1015 2660 1095 2717 Ctot.
1112 2662 1163 2715 Alii
1172 2666 1234 2715 m!-

719 2750 761 2810 Ια,
771 2743 812 2795 alii
823 2747 920 2795 stulta:
933 2743 998 2795 milri
1010 2742 1235 2812 simplicissimum

719 2820 840 2888 videtur,
853 2820 925 2890 quod
946 2821 1080 2874 Palatinus
1096 2821 1178 2875 habet
1190 2862 1198 2889 ,
1210 2829 1238 2874 e!

161 2901 242 2955 terius
255 2911 299 2953 aut
309 2899 418 2952 consilio
430 2899 471 2951 illa
480 2909 567 2969 parat,
578 2899 673 2967 quibus
712 2897 800 2965 forma
810 2904 869 2951 ΙαΙα
880 2903 993 2967 superbi!
1000 2904 1063 2951 ααία.
1073 2898 1108 2951 Ι).
1115 2900 1219 2953 tinne

160 2998 188 3033 se
201 2978 269 3031 viros
281 2997 374 3047 capere
390 2996 464 3047 posse
478 2988 571 3047 putat,
584 2996 671 3045 neque

160 3071 250 3113 tamen
260 3058 345 3129 palam
358 3077 411 3127 prae
422 3077 449 3110 sc
461 3058 526 3122 fert,
535 3056 671 3126 quomodo

159 3147 287 3202 venetur,
300 3135 344 3189 sed
353 3136 413 3190 solis
423 3134 560 3188 munditiis
571 3134 598 3188 id
611 3134 672 3188 essi-

159 3216 210 3282 cit,
225 3215 318 3285 quibus
330 3213 396 3267 nihil
411 3233 518 3284 peccare
532 3215 580 3266 sibi
590 3213 670 3265 vide-

160 3305 211 3347 tur.
224 3294 285 3347 Hoc
296 3295 350 3364 jam
361 3293 497 3362 sequentia
509 3291 613 3345 ducent.

192 3373 233 3426 31.
241 3370 627 3440 QuocumquuCommentator
635 3371 670 3424 le·

160 3451 211 3523 git,
223 3452 385 3520 Cur’cumque,
394 3468 456 3520 pro,
464 3450 586 3503 omnibus
596 3450 671 3518 puel-

159 3530 204 3583 lis:
213 3548 270 3599 quae
280 3528 431 3582 emendatio
441 3527 519 3596 paulo
531 3527 622 3580 durior
630 3529 670 3580 vi-

159 3606 245 3660 detur.
260 3607 318 3676 Ego
329 3625 392 3658 vero
404 3606 508 3665 malim,
522 3609 671 3671 quotacum-

160 3705 226 3752 que:
241 3695 271 3738 ut
284 3685 316 3738 sit
328 3703 438 3737 sensus:
453 3683 501 3736 Est
516 3684 596 3736 etiam
607 3704 671 3753 quo-

158 3772 305 3833 tacumque,
322 3764 371 3818 hoc
384 3775 435 3830 est,
446 3763 531 3833 aliqua
541 3763 669 3833 voluptas,

158 3845 282 3913 placuisse
293 3843 339 3897 sibi
353 3855 401 3898 etc.
415 3845 519 3897 Mrem.

752 2978 792 3031 35.
814 2980 866 3030 Vos
883 2984 944 3030 uret.
964 2976 1035 3047 Lego
1053 2996 1085 3030 ex
1101 2978 1235 3048 antiquo-

719 3055 1239 3125 rumcodicumautoritate,Nos!auget

719 3153 806 3186 amor:
817 3144 846 3185 ut
857 3133 890 3186 sit
901 3152 1007 3187 sensus:
1018 3132 1118 3186 facilius
1129 3153 1181 3188 uos
1194 3135 1236 3188 vi-

719 3234 762 3268 ros
778 3214 806 3267 in
827 3233 947 3267 amorem
966 3224 1083 3267 vestrum
1103 3213 1233 3281 trahetis,

719 3293 792 3347 cultu
804 3292 937 3362 corporis,
951 3311 1029 3362 quarn
1042 3291 1149 3360 magicis
1161 3295 1234 3347 arti-

718 3372 774 3424 bus.
787 3371 867 3423 Man.
881 3371 977 3441 Scripti
988 3389 1050 3423 cum
1069 3370 1156 3440 prima
1167 3371 1235 3425 edi-

720 3451 807 3517 tione,
824 3457 895 3519 urffe!
909 3470 917 3502 .·
933 3469 1001 3503 unus
1021 3450 1234 3518 Ambrosianus,

718 3546 764 3578 uos
777 3534 838 3581 uret.
850 3527 919 3597 Lege
929 3566 936 3593 ,
946 3529 1016 3579 Ilr'nc
1021 3532 1108 3595 polius
1116 3547 1163 3579 nos
1175 3535 1238 3580 m!

718 3609 806 3661 Amor.
817 3609 1075 3661 Hiems-Fortibus
1085 3610 1177 3660 herbis.
1188 3609 1234 3662 Ti·

718 3686 771 3739 bul.
785 3687 811 3752 l,
825 3703 866 3751 rx,
885 3707 911 3754 ¹7
927 3690 1095 3754 :pollentibus
1106 3689 1201 3739 herbis.

750 3766 790 3838 39.
802 3767 1066 3818 mudanturcanntus
1075 3784 1178 3832 angues.
1189 3763 1234 3818 Ci-

718 3852 755 3896 tat
764 3842 820 3897 brec
830 3843 964 3896 Charisius
971 3844 1014 3897 tib.
1022 3844 1044 3910 l,
1054 3843 1081 3896 in
1088 3844 1169 3896 verbo
1179 3844 1234 3895 Aa·

192 3922 233 3988 34.
244 3923 320 3974 Mula
329 3925 509 3987 superbrlam's.
520 3921 552 3974 lu
562 3920 670 3990 quibus·
714 3928 772 3990 quet
780 3943 787 3974 .·
796 3923 852 3991 ejus
864 3922 943 3975 verba
953 3933 1016 3976 sunt
1023 3944 1029 3976 :
1036 3923 1148 3991 Δαμώ,
1156 3942 1233 3990 quum

159 3998 221 4051 dam
244 4001 432 4071 exemplaribus
455 4001 568 4071 legitur,
590 4005 670 4054 multa
716 4005 1234 4070 sumasculm·gener1t‚duemnrlamen

156 4083 233 4144 aurs,
252 4080 298 4133 sed
314 4082 386 4152 prior
405 4082 483 4135 lectio
501 4080 568 4134 mibi
587 4080 669 4150 magis
716 4089 743 4135 el
745 4080 880 4149 fimrirr‘m',
893 4092 924 4134 ut
933 4081 1053 4135 Tibullus
1062 4084 1153 4137 :Jmle
1165 4084 1235 4134 dcti-

160 4157 303 4226 probatur,
317 4159 420 4213 tametsi
437 4170 463 4211 et
481 4179 511 4211 ea
529 4159 667 4213 meliorem
716 4165 871 4228 retamim
881 4171 907 4214 et
918 4159 1149 4215 Ovidiustfdrdr'e
1156 4163 1235 4214 Mar-
