2798 4702
220 342 279 407 128
434 377 445 403 ι
492 341 530 406 Ρ.
565 340 743 409 OVIDII
770 339 995 414 NASONIS

262 479 437 552 Sternatur
452 507 571 580 pugna
588 480 693 554 tristis
710 509 806 555 arena
824 484 908 557 tua?

215 591 251 665 Si
268 620 341 666 mos
357 592 503 693 antiquis
518 592 697 693 placuisset
711 596 875 672 matribus
894 598 1001 689 idem,

264 707 354 781 Gens
371 706 546 781 homiuum
564 708 647 782 vitio
664 710 852 811 deperitura
864 713 951 787 suit:
1249 750 1280 788 ιο

215 826 353 928 Quique
369 827 489 900 iterum
508 827 637 921 generis
652 827 774 926 jaceret
791 829 973 930 primordia
987 830 1095 905 nostri

262 942 304 1016 In
321 971 424 1015 vacuo
442 941 570 1043 lapides
588 943 688 1031 orbe,
705 944 872 1044 parandus
888 962 967 1019 erat.

214 1059 302 1157 Quis
319 1058 442 1132 Priami
459 1057 611 1154 fregisset
627 1086 722 1159 opes,
742 1059 771 1133 si
786 1086 909 1161 numen
922 1088 1081 1161 aquarum

261 1174 359 1245 Justa
376 1191 558 1246 recusasset
574 1172 725 1273 pondera
740 1171 824 1246 ferre
841 1173 982 1248 Thetis?

212 1288 274 1365 Ilia
291 1288 320 1362 si
337 1288 468 1361 tumido
485 1288 635 1384 geminos
651 1288 686 1361 in
700 1306 813 1362 ventre
830 1306 1000 1379 necasset,

261 1406 409 1480 Casurus
425 1403 568 1477 dominae
586 1402 743 1478 conditor
758 1405 853 1478 urbis
869 1425 950 1481 erat.

212 1523 249 1597 Si
265 1523 381 1596 Venus
399 1520 528 1594 AEncan
546 1518 680 1614 gravida
696 1536 887 1595 temerasset
902 1522 937 1595 in
955 1521 1044 1613 alvo,

262 1635 449 1712 Caesaribus
465 1632 563 1707 tellus
582 1634 665 1708 orba
681 1634 794 1710 sutura
810 1635 884 1710 fuit.

212 1755 266 1827 Tu
284 1778 437 1853 quoque,
459 1778 562 1850 quum
579 1777 695 1851 posses
712 1751 803 1825 nasci
818 1750 980 1841 formosa,
998 1753 1157 1853 perisses;

260 1876 451 1960 Tentasset,
470 1871 560 1972 quod
579 1891 631 1963 tu,
651 1873 679 1947 si
696 1891 753 1948 tua
770 1893 876 1949 mater
892 1901 987 1974 opus.
1247 1912 1280 1949 ιο

214 2002 291 2101 Ipse
309 2027 391 2095 ego,
411 2024 514 2098 quum
532 1996 652 2072 fuerim
668 1997 786 2074 melius
804 1999 973 2100 periturus
986 1997 1146 2087 amando,

247 2216 271 2270 8.
290 2216 520 2285 Stematmyugne
540 2225 589 2269 etc
609 2216 725 2283 Pusam
772 2215 845 2269 alter.
865 2215 935 2269 Nota
953 2213 1047 2269 sabula
1066 2217 1098 2266 1ae
1121 2221 1281 2271 vacsoorbe.

214 2304 286 2348 recte
298 2293 352 2360 jam
369 2293 484 2357 vocant,
507 2291 603 2362 Elegia
615 2291 725 2360 praced.
773 2292 817 2348 sic
825 2293 918 2363 Maro,
931 2292 964 2348 de
974 2291 1070 2347 eodem
1080 2313 1087 2357 ς
1097 2290 1195 2364 Georg.
1203 2310 1224 2360 1,
1232 2295 1281 2348 ha:

214 2371 309 2424 ultimo
317 2389 403 2436 versu,
412 2369 565 2438 sacrilegum
575 2368 626 2422 hoc
638 2377 724 2422 tenta-
978 2384 1118 2435 Qmunpooe
1126 2385 1213 2434 pam

214 2468 277 2502 men
290 2459 318 2502 et
329 2458 422 2501 contra
433 2457 573 2514 naturam,
589 2465 647 2516 quoe
659 2456 725 2499 ten-
771 2457 880 2498 ntuentium
889 2470 975 2497 nm
984 2456 1257 2508 uptuslaesuninortm

214 2529 281 2582 tanti
292 2536 428 2595 repunt,
450 2526 544 2580 obnixa
554 2543 610 2578 non
623 2523 725 2578 cedere.
808 2530 846 2584 13,
860 2532 1084 2596 Quispnwesc.
1093 2528 1281 2600 Jussolongiu,

216 2606 364 2662 Continuat
374 2606 568 2676 metaphoram,
577 2615 605 2659 et
616 2622 725 2658 menam
773 2609 931 2662 immoratur
952 2617 1030 2677 poeta
1052 2607 1081 2659 in
1102 2608 1281 2676 exemplorum

216 2683 302 2750 addit,
310 2702 361 2753 qua
370 2684 594 2753 amphitheatrum
606 2700 726 2753 consper-
774 2686 987 2751 coacervatione,
1012 2693 1041 2737 ut
1055 2685 1147 2754 probet
1158 2684 1230 2752 quod
1241 2695 1282 2738 tot

216 2764 341 2835 gebatur,
361 2782 395 2816 ne
408 2763 553 2817 occisorum
565 2781 660 2816 eruum
670 2779 726 2831 pu·
775 2763 936 2834 argumentis
943 2772 1014 2815 certe
1023 2781 1079 2815 non
1091 2773 1148 2816 erat
1159 2781 1282 2832 compro·

216 2852 327 2912 guantes
338 2851 517 2910 turparentur,
529 2851 575 2894 aut
586 2839 726 2909 cruoripsc
775 2841 900 2895 bandum.
920 2838 989 2908 Quis
1008 2841 1082 2892 eninr
1093 2839 1195 2894 dubitet
1206 2841 1281 2909 peri-

216 2920 357 2975 horrorem
368 2921 547 2990 spectantibus
555 2920 694 2971 incuteret.
775 2930 866 2973 turum
888 2917 1036 2970 humanum
1060 2937 1164 2989 genus,
1185 2919 1207 2972 si
1227 2937 1282 2971 uno

252 3019 290 3054 10.
301 3002 372 3053 Gens
381 3001 506 3052 dominnm
517 3002 580 3051 nr‘lrb
587 2999 728 3064 deperitura
775 2995 922 3065 eodemque
938 3014 1068 3049 consensu
1080 3007 1179 3050 metm
1190 3015 1282 3050 omnes

209 3075 274 3145 snit.
286 3075 377 3129 Barth.
391 3074 500 3128 Advers.
510 3091 537 3140 x,
551 3089 645 3127 xxvu:
656 3075 728 3127 Gens
773 3077 851 3128 soetus
863 3074 891 3126 in
904 3083 981 3127 utero
993 3074 1146 3128 necarent?

216 3156 342 3207 dominans
354 3151 655 3220 vitaepraepen'tsrasoret
664 3168 672 3202 .·
684 3168 728 3202 ar*-
812 3154 849 3218 14
869 3154 948 3204 laerta
954 3155 1075 3219 pondera.
1093 3152 1163 3220 Quoe
1180 3163 1283 3221 tempus

219 3241 290 3300 gnte,
298 3230 474 3285 mehercules!
486 3228 578 3282 dubito
591 3239 679 3282 tamen
692 3243 727 3279 an
775 3230 849 3283 furui
861 3228 1019 3283 destinatum
1027 3231 1148 3299 implent;
1157 3250 1216 3299 quae
1227 3249 1283 3283 nun

217 3326 288 3363 vere.
299 3310 377 3364 Meus
391 3308 569 3374 chartaceus,
581 3314 641 3361 vitro
652 3309 728 3373 depa-
775 3307 1284 3379 intempestiveexcutiuntur,antequam

216 3391 298 3440 ritum
313 3408 322 3441 .·
339 3388 405 3441 alter
417 3387 534 3452 Mureti,
554 3405 605 3437 non
616 3389 728 3451 pentum
776 3395 865 3454 partus
871 3385 1284 3454 sitmaturumetitaomniajnsla

211 3463 299 3533 soret:
310 3465 373 3518 latet
384 3463 480 3534 aliquid
494 3483 501 3515 ε
513 3464 580 3515 forte
590 3500 598 3527 ‚
608 3463 729 3529 gersdu—
776 3472 917 3529 vocantur,
931 3481 990 3532 quaa
1007 3481 1134 3517 numeros
1150 3483 1210 3517 suos
1226 3463 1282 3514 im-

217 3546 389 3596 nsanase'nrul.
408 3542 509 3594 Hnrns.
522 3538 728 3592 Bartbiuscon-
776 3539 1058 3609 plent3utlnste’annr'
1067 3558 1103 3605 x,
1116 3541 1225 3592 Metam
1238 3538 1284 3590 35:

218 3621 347 3689 iacturam
360 3618 431 3672 illam
442 3635 517 3671 suam
530 3616 657 3669 adstruxit
670 3615 728 3669 loco
776 3619 964 3679 launculam,
972 3616 1284 3674 suecTibeesussuuu.

219 3697 313 3753 AEneae
327 3696 428 3764 Gaui,
446 3715 502 3766 pag.
514 3696 562 3761 28,
577 3712 656 3764 quem
669 3693 729 3748 licet
813 3691 1283 3764 15.11us1·1m²05maosetclto-

219 3776 297 3830 ²de³⁸
306 3797 312 3830 2
320 3775 365 3830 sed
373 3779 590 3844 &perfunctum
600 3783 653 3834 0³²⁴,
666 3790 729 3825 nam
777 3780 880 3833 mulum
889 3778 984 3832 scilicet
993 3796 1054 3831 cnm
1066 3775 1152 3829 Remo
1163 3775 1251 3825 fratre.

219 3863 296 3906 notat
307 3855 410 3923 penitus
421 3852 516 3923 perire.
523 3851 580 3904 Lib.
589 3867 610 3919 1,
620 3850 660 3904 El.
667 3851 728 3904 ult:
813 3858 851 3910 ιδ.
866 3859 1007 3911 Cesars'dns
1016 3855 1092 3906 tellas
1101 3861 1149 3903 etc.
1169 3849 1285 3917 Regibus

220 3939 276 3990 Rege
285 3943 418 3992 qummtm
426 3970 433 3990 ,
442 3928 561 3993 «inuam
569 3942 661 3993 putanti·
670 3939 730 3979 mcci
778 3935 908 4004 primum,
921 3931 1017 3987 deinde
1028 3927 1228 3997 imperatoribus
1240 3945 1285 3979 rc·

244 4016 361 4068 napum
370 4030 427 4064 rso,
441 4017 527 4056 cumina
535 4026 678 4057 mutentur.
778 4015 878 4078 manis,
898 4011 944 4080 qui
953 4027 1047 4062 omnes
1057 4024 1140 4075 genus
1153 4006 1185 4058 ab
1198 4005 1286 4058 ΕΜ

258 4110 294 4142 ιι.
314 4092 506 4160 Que'quertmm
518 4103 566 4147 etc.
583 4091 729 4148 Deucalion
778 4091 928 4155 ducebsnt;
946 4085 1018 4155 quod
1036 4083 1172 4154 splendide
1187 4084 1284 4138 admo-
