2798 4702
389 335 685 404 AMORUMI.

718 338 981 408 ELEG.XV.

194 481 288 564 Dum
300 474 435 578 rapidas
452 474 576 548 Simois
595 475 631 548 iu
645 502 735 551 mare
751 473 863 550 volvet
879 504 993 578 aquas.

147 593 246 668 Vivet
262 612 296 667 et
311 594 480 680 Ascraeus,
498 591 579 666 dum
595 593 715 667 mustis
732 622 796 667 uva
816 594 981 682 tumebit,

196 711 287 783 Dum
304 708 400 783 cadet
414 709 550 783 incurva
566 707 648 783 falce
665 728 792 784 resecta
810 710 920 785 Ceres.

150 832 317 907 Battiades
336 861 466 932 semper
482 849 555 906 toto
572 833 763 907 cantabitur
780 831 884 920 orbe;

198 947 360 1047 Quamvis
377 949 514 1044 iugenio
529 976 600 1022 non
617 947 719 1037 valet,
737 967 806 1024 arte
824 946 919 1024 vaiet.

149 1069 249 1145 Nulla
268 1070 459 1172 Sophocleo
474 1072 585 1147 veniet
600 1072 726 1171 jactum
743 1072 920 1146 cothurno.

196 1197 283 1271 Cum
302 1195 381 1271 sole
399 1214 433 1271 et
449 1199 545 1271 Luna
562 1226 693 1300 semper

708 1197 833 1272 Aratus
851 1197 925 1271 erit.

147 1319 237 1393 Dum
252 1317 353 1394 fallax
369 1347 504 1409 servus,
522 1319 627 1438 durus
643 1339 756 1423 pater,
778 1319 935 1423 improba
949 1316 1026 1392 lena

144 1537 270 1593 brevitate
279 1537 419 1602 mirabilis;
429 1557 480 1592 nec
490 1538 591 1609 poetica
599 1557 660 1592 rno-

146 1615 198 1684 do,
210 1615 257 1671 sed
271 1617 384 1672 oratoria
395 1616 491 1672 virtute
502 1617 661 1673 emiuentis-

146 1695 235 1750 simus.
251 1717 265 1743 »
282 1695 377 1766 Quint.
389 1696 454 1752 lust.
467 1697 544 1751 orac
557 1696 589 1765 si,
606 1718 626 1750 r.

184 1793 222 1826 u.
243 1775 490 1830 WretetAscraeus.
508 1775 658 1844 Hesiodus,

148 1849 185 1905 sic
201 1849 300 1919 dietus,
322 1871 379 1906 non
397 1854 469 1925 quod
488 1873 520 1908 ex
538 1853 659 1918 Arma,

149 1928 257 1984 Baeotioe
273 1930 385 2000 oppido,
400 1943 495 2000 natus,
509 1951 572 1986 narn
598 1931 661 1986 Cu-

150 2025 232 2062 maeus
243 2008 308 2077 suit,
325 2007 371 2063 sed
384 2010 456 2080 quod
468 2010 504 2065 ibi
516 2008 661 2064 educatus:

150 2085 662 2158 HomerosereooaequalisMultascrip·

147 2164 207 2219 sisse
223 2176 354 2220 testantur
372 2176 490 2235 veteres,
511 2185 570 2236 qun
586 2165 662 2220 nobis

147 2243 365 2313 tempusinridit;
379 2245 593 2314 pepercittamen
603 2263 662 2298 car·

146 2321 277 2389 minibus,
292 2340 351 2390 quie
363 2322 560 2389 inscribuntur,
578 2323 661 2389 opem

144 2406 173 2452 et
182 2402 260 2462 Dies,
276 2403 423 2468 Theogonis
434 2410 462 2453 et
472 2400 575 2453 Scstnm
588 2402 661 2452 Her-

145 2482 217 2531 culis.
237 2478 311 2533 Raro
320 2476 471 2532 Hesiodum
483 2496 615 2546 assumere
625 2477 662 2530 ait

145 2556 260 2626 Quintil.
277 2556 294 2610 Ι.
313 2576 335 2610 c
352 2554 398 2611 sed
421 2556 446 2611 ei
463 2556 578 2627 palmam
595 2555 659 2625 dat,

143 2641 170 2686 r'u
176 2637 222 2689 uto
229 2637 312 2688 Μία
320 2635 427 2687 dr‘cendr'
431 2654 530 2703 gesen.
540 2662 574 2675 -
585 2635 661 2687 Mus-

144 2717 187 2764 tr's.
200 2711 308 2765 Servius
320 2709 354 2762 ad
367 2710 476 2781 Virg.1r
489 2752 497 2781 ‚
521 2711 619 2784 Georg.
630 2729 661 2784 7:

145 2789 281 2841 «Maestum
289 2798 394 2842 tantum
401 2788 525 2859 singulari
533 2790 659 2858 dicimus,

145 2867 213 2920 sicut
225 2877 252 2919 et
263 2867 374 2934 viuum,
393 2866 452 2922 licet
464 2866 577 2924 Ovidius
589 2869 660 2923 abu-

146 2944 200 2998 sive
213 2950 298 2997 musta
306 2943 400 2999 dixerit
410 2959 417 2994 τ
426 2944 472 3000 sed
485 2944 538 3000 hoc
549 2947 591 3001 ille
602 2947 660 3017 pius
689 2981 693 2990 ·

145 3023 227 3090 fecit,
247 3024 318 3092 quod
330 3035 357 3078 et
372 3027 463 3077 nssts's
476 3023 540 3078 dicit
553 3045 559 3078 :
576 3044 660 3094 quum

146 3104 191 3171 (ut
201 3099 327 3171 diximus)
342 3099 375 3154 de
387 3099 428 3155 his
441 3101 594 3156 nominibus
607 3113 660 3157 tres

145 3189 251 3232 tantum
269 3199 342 3234 casus
365 3180 487 3249 usurpari
508 3198 659 3235 consuere-

143 3256 208 3311 rint
222 3280 236 3304 2»
248 3258 320 3332 Usus
331 3267 358 3311 et
371 3256 507 3325 Tibullus,
520 3268 547 3311 et
559 3258 609 3312 alii.

181 3356 219 3388 η.
233 3338 316 3390 Ceres.
323 3336 412 3405 Seges,
423 3336 575 3390 Puteaneus
581 3347 608 3390 et
616 3337 658 3391 alii

145 3414 254 3484 plurimi
267 3414 357 3469 :male
371 3413 455 3469 catal.
465 3413 534 3469 Pith.
542 3435 599 3487 pag.
611 3415 658 3470 35:

168 3499 208 3536 Hie
217 3497 288 3548 gaudee
297 3511 358 3548 euers
365 3496 415 3538 telus
421 3507 494 3538 mn
502 3499 567 3538 conc

143 3571 238 3626 Seuer.
251 3571 337 3626 Theb.
348 3573 395 3643 371
410 3588 417 3622 ε

166 3655 192 3692 fle
200 3655 257 3693 sertis
267 3656 307 3705 jen
317 3653 367 3694 tetes
374 3654 469 3694 mutuis
477 3657 542 3695 erm.

141 3730 222 3780 Furta
232 3734 333 3781 resecta
340 3727 420 3795 dixit,
430 3728 498 3782 Fast.
507 3744 539 3796 11,
549 3731 605 3782 520.
619 3730 656 3783 H.

176 3808 214 3861 13.
229 3810 370 3862 Battiades
385 3827 485 3877 semper
498 3817 546 3863 etr.
569 3806 657 3864 catli-

142 3883 269 3953 machus,
283 3886 357 3939 Batti
369 3885 445 3940 filius.
463 3886 557 3958 Elegos
568 3887 656 3958 scrip-

143 3974 230 4031 serat,
256 3965 303 4034 qui
326 3965 465 4036 perierunt
485 3985 492 4020 2
515 3977 657 4037 supersunt

146 4046 256 4114 Hymni,
268 4044 297 4097 in
307 4045 401 4114 quibus
410 4043 524 4098 habilem
532 4065 560 4100 sc
569 4045 657 4114 potius

146 4123 270 4178 carminis
286 4121 433 4191 artificem,
456 4141 536 4193 quam
551 4133 657 4194 poetam

707 1539 876 1612 ingeniosum
892 1537 1018 1610 prostitit
1031 1535 1133 1592 Merito
1142 1537 1222 1611 igitur

707 1631 814 1674 noster:

731 1703 829 1753 Quumsis
838 1701 917 1754 ingenio
924 1712 965 1740 noa
971 1699 1036 1747 vaist,
1046 1707 1091 1739 ms
1100 1698 1159 1738 mist.

710 1776 793 1848 Quod
805 1775 891 1830 verius
898 1775 986 1829 forsan
999 1773 1032 1828 de
1041 1772 1143 1843 Elegis,
1158 1791 1224 1844 quos

708 1854 828 1926 inprimis
836 1852 983 1925 spectathic
990 1850 1226 1906 Ovidius-Bat-

709 1937 800 1986 trudes.
820 1933 882 1987 Non
899 1931 971 1984 Batti
987 1929 1073 1996 filius,
1093 1928 1140 1983 sed
1162 1928 1224 2003 cy-

710 2012 848 2078 renaicus,
867 2010 901 2062 ab
913 2009 1043 2076 Aristaeo,
1056 2007 1110 2062 sire
1123 2007 1203 2062 Batto
1216 2047 1224 2075 ,

708 2088 846 2143 conditore
868 2085 1045 2159 Cyrenarum.
1064 2085 1117 2138 Alii
1129 2104 1162 2138 ex
1174 2085 1225 2139 alio

708 2168 798 2233 Banu,
809 2187 840 2220 ex
849 2165 958 2235 posteris
966 2165 1032 2218 sorte
1040 2162 1134 2234 prioris
1141 2164 1224 2231 Batti,

709 2256 803 2314 natum
823 2242 1018 2298 Caiiimachum
1034 2243 1136 2295 volunt.
1160 2241 1224 2295 vid.

708 2323 837 2378 illustrem
856 2321 1000 2393 Spauhem.
1020 2319 1053 2374 ad
1072 2320 1223 2374 Callimach.

710 2403 813 2476 Hymu.
826 2402 902 2472 Apol.
915 2402 956 2454 65.
969 2401 1068 2454 Bunu.

744 2482 782 2535 ιθ.
802 2483 864 2535 Cum
876 2482 934 2534 Sole
949 2483 979 2531 c!
989 2480 1071 2530 luna.
1088 2476 1156 2530 Hrec
1167 2494 1223 2531 non

709 2569 813 2614 tanturn
825 2569 883 2629 apte
898 2556 995 2622 Arato,
1013 2555 1074 2624 quia
1086 2553 1223 2608 Astrono-

709 2638 776 2692 mica
787 2637 897 2707 scripsit,
911 2633 1160 2697 accommodantur3
1175 2633 1221 2688 sed

708 2717 789 2771 etiam
799 2715 860 2786 quia
872 2724 948 2768 eraut
959 2711 1078 2787 symbola
1089 2711 1225 2767 sumita-

707 2794 757 2859 tis;
778 2806 808 2848 ut
820 2794 855 2847 ita
868 2793 894 2846 in
914 2791 1032 2850 nummis
1042 2790 1156 2862 conspici
1173 2789 1225 2843 do-

707 2873 762 2926 cuit
774 2873 912 2927 Tristanus
921 2882 1017 2938 tom.1‚
1033 2867 1139 2924 Comm.
1152 2867 1227 2922 Hist-

708 2968 765 3019 pag.
784 2950 841 3002 381.
862 2951 945 3004 lnnst.
963 2976 996 2988 -
1007 2948 1111 3015 Semper
1123 2946 1223 2998 Aratus

707 3033 763 3081 err't.
782 3026 874 3081 Graece
889 3026 990 3095 scripsit
1003 3025 1035 3077 de
1050 3022 1220 3077 Astronomia

707 3124 814 3159 armen
823 3145 830 3170 ,
840 3103 911 3173 quod
919 3103 1048 3171 magnoin
1058 3100 1143 3171 pretio
1150 3099 1219 3170 apud

707 3195 809 3239 veteres
821 3184 886 3250 suit,
900 3180 1019 3251 quamvis
1030 3178 1063 3232 de
1075 3198 1107 3232 eo
1122 3178 1220 3249 Quiu—

707 3262 769 3316 titt.
780 3279 815 3316 c.:
824 3283 836 3306 u
846 3260 921 3314 Arati
931 3258 1041 3313 materia
1051 3269 1129 3330 motu
1137 3268 1220 3324 caret,

707 3351 737 3395 ut
748 3341 776 3394 in
789 3358 840 3411 qua
852 3338 923 3392 nulla
934 3337 1044 3391 varietas
1051 3375 1060 3405 ,
1076 3337 1164 3392 nrrllus
1176 3339 1221 3391 as-

706 3423 811 3486 sectus,
835 3417 908 3472 nulla
928 3434 1057 3487 persona,
1075 3415 1147 3469 uuila
1166 3434 1219 3470 cu·
1307 3456 1316 3471 s

705 3499 828 3569 jusquam
840 3497 873 3551 sit
886 3496 971 3549 oratio
991 3514 997 3549 :
1013 3492 1110 3548 sufficit
1129 3502 1218 3547 tamen

705 3577 797 3647 operi,
810 3575 853 3629 cui
864 3594 891 3629 se
904 3592 995 3644 parem
1006 3570 1125 3626 credidit
1134 3593 1147 3619 υ
1161 3571 1219 3626 Ne-

706 3675 757 3726 que
770 3655 820 3709 hoc
832 3664 902 3709 certe
914 3654 969 3706 laus
977 3650 1082 3705 ultima!
1094 3653 1220 3718 eutropis«

705 3733 762 3803 (hic
769 3733 841 3785 enim
850 3730 935 3800 operis
944 3726 1048 3796 titulus)
1056 3726 1183 3782 latinitate
1193 3739 1220 3783 et

705 3811 816 3864 metrico
824 3826 947 3865 sermone
960 3805 1096 3860 donarunt
1105 3804 1217 3874 (liuere,

706 3885 991 3943 Germanicus-Cum
1003 3895 1030 3939 et
1040 3885 1134 3940 Festus
1143 3885 1220 3940 Arie-

704 3986 755 4021 nus
764 3986 770 4021 :
779 3964 878 4019 Gallico
890 3974 989 4028 autem,
999 3963 1048 4018 Αι.
1054 3963 1087 4018 G.
1095 3964 1218 4019 Pmoun

741 4065 779 4114 17.
794 4045 863 4096 Dum
868 4042 962 4111 sallat
972 4062 1072 4106 servm,
1085 4045 1163 4097 durus
1171 4059 1223 4110 pe·

707 4128 750 4177 ter
767 4132 816 4178 etc.
833 4123 991 4180 Maeandrus
1003 4128 1059 4178 ent.
1078 4143 1092 4170 α
1112 4120 1168 4191 Qui
1185 4116 1225 4171 vei
