2798 4702
376 330 611 399 AMORUM
640 334 713 400 111.
746 332 893 402 ELEG.
929 336 1024 402 XII.
1180 339 1245 402 215

170 459 354 534 Fallimur?
371 492 413 536 an
430 464 556 537 nostris
575 465 725 542 innotuit
741 463 799 538 illa
816 465 966 540 libellis?

220 577 274 650 sic
291 595 383 651 erat:
401 579 536 675 ingenio
555 580 706 680 prostitit
722 578 779 653 illa
796 609 888 654 meo:
905 668 907 672 .

171 693 217 764 Et
233 693 369 779 merit03
386 694 467 795 quid
483 695 572 768 enim
589 696 704 769 sormae
721 697 885 797 praeeonia
902 696 991 771 leci?

221 807 411 882 Vendibilis
429 809 528 910 eulpa
543 809 627 884 facta
646 810 757 911 puella
771 839 844 885 mea
861 828 920 883 est.
1217 850 1247 886 ιο

174 931 231 1006 Me
249 933 386 1021 lenone,
403 934 534 1036 placet:
552 935 634 1009 dure
651 966 719 1022 me,
737 937 919 1037 perductus
937 954 1073 1009 amator.

219 1063 328 1133 Janua
344 1088 405 1159 per
421 1078 555 1133 nostras
570 1077 619 1133 est
638 1059 794 1160 adaperta
811 1088 937 1133 manus.

170 1184 224 1257 Au
240 1183 392 1283 prosint,
412 1181 569 1268 dubium;
588 1202 776 1256 nocuemnt
793 1184 937 1257 carmina
954 1209 1092 1284 semper.

217 1308 355 1381 Invidiae
371 1308 496 1381 nostris
514 1307 569 1382 illa
587 1308 678 1383 suere
697 1309 809 1382 bonis.

171 1430 285 1528 Quum
296 1431 439 1518 Tbebae,
453 1460 557 1531 quum
570 1433 673 1530 Troja
684 1431 811 1518 forent,
824 1460 928 1533 quum
943 1431 1080 1506 Caesaris
1093 1446 1181 1517 acta,
1213 1451 1243 1502 15

215 1554 393 1648 Ingenium
410 1556 515 1627 movit
532 1553 604 1628 sola
621 1556 768 1629 Corinna
785 1583 906 1629 meum.

169 1677 303 1750 Aversis
320 1677 447 1751 utinam
467 1679 650 1773 tetigissem
669 1680 815 1752 eamnina
831 1678 960 1766 Musis;

219 1800 369 1899 Pboebns
386 1820 419 1876 et
434 1803 617 1904 incoeptum
631 1804 837 1879 destituisset
854 1805 961 1904 opus!

172 1925 241 1998 Nec
259 1943 385 2014 tamen,
403 1944 441 2000 ut
458 1945 558 2002 testes
575 1957 648 2001 mos
666 1946 717 2002 est
734 1928 847 2002 audire
864 1945 998 2029 poetas,

221 2047 404 2123 Malueram
421 2051 531 2123 verbis
548 2051 683 2152 pondus
702 2052 817 2125 abesse
835 2052 926 2124 meis.

171 2172 235 2245 Per
251 2201 313 2245 nos
331 2171 456 2272 Scylla,
474 2174 561 2274 patri
579 2202 680 2246 canos
695 2173 803 2247 snrata
820 2148 978 2272 eapillos,

217 2295 312 2368 Pube
326 2295 447 2394 premit
462 2295 597 2369 rabidos
611 2296 874 2396 inguinibusque
890 2321 996 2368 canes.

168 2416 238 2489 Nos
255 2417 398 2518 pedibus
416 2446 543 2519 pennas
560 2419 727 2509 dedimus,
742 2447 804 2492 nos
820 2417 969 2492 crinibus
988 2443 1121 2511 angues.

166 2612 252 2661 sudem
268 2613 382 2667 habuit?
401 2610 494 2681 virgil.
513 2612 601 2684 Eclog.
624 2631 674 2684 111,
726 2617 832 2673 Forenl,
850 2612 934 2682 prima
947 2609 1039 2669 editio,
1052 2626 1113 2661 eum
1122 2606 1239 2676 quinque

170 2702 215 2754 ¹07
229 2703 235 2736 :
253 2688 376 2755 Phyllida
385 2691 456 2740 solus
467 2693 565 2743 habeto.
577 2691 675 2744 Buten.
725 2689 939 2761 seriptiszeadem
947 2691 1139 2756 Thedequoque
1148 2704 1240 2754 agnos·

204 2785 241 2818 rr.
250 2769 323 2821 Duce
331 2771 515 2835 meproduclus.
523 2773 673 2833 Perductus,
725 2771 761 2823 cit
771 2785 777 2818 ε
788 2780 864 2838 atque
877 2766 912 2820 ita
925 2767 1052 2828 Puteau.;
1067 2783 1153 2832 neque
1164 2763 1239 2815 aliter

168 2846 280 2899 Putean.
295 2859 320 2900 et
334 2859 445 2917 quatuor
462 2849 522 2902 alii:
536 2849 597 2903 bine
610 2870 675 2918 per·
727 2849 835 2914 Statius,
844 2847 982 2918 pluresque
990 2843 1139 2913 exantiquis
1150 2841 1240 2911 singu-

167 2929 291 2988 duclores,
309 2947 357 2997 pro
371 2928 523 2996 lenonibus,
539 2929 606 2999 apud
621 2929 676 2983 Co-
725 2926 774 2979 lari
786 2945 908 2979 numero.
922 2926 1024 2978 llntns.

166 3008 255 3060 micos.
275 3035 308 3048 -
329 3008 433 3077 Quibus
455 3020 543 3062 tamen
567 3010 595 3062 in
615 3010 677 3065 loeis
760 3029 798 3077 ¹7·
822 3008 935 3061 Aversis.
957 3008 1093 3057 Ond'rram
1111 3003 1236 3061 adversis,

167 3083 245 3136 etiarn
254 3086 357 3155 proprie
365 3085 602 3155 decapitvisporesr
609 3089 675 3158 capi,
726 3086 807 3139 editio
819 3086 916 3155 prima,
931 3082 1100 3145 Bersmanni,
1119 3089 1145 3133 et
1156 3075 1239 3130 codex

167 3160 257 3230 dequo
264 3162 323 3215 vido
333 3161 451 3215 Gronov.
459 3162 491 3215 ad
500 3163 555 3215 Liv.
563 3182 626 3230 xxx,
638 3187 676 3219 υ.
725 3166 873 3218 Beruensis.
885 3168 1028 3230 Tetigr'ssem
1038 3173 1125 3214 autem
1133 3159 1238 3227 elegan-

166 3241 304 3293 Pmaiuclus
313 3241 355 3294 bic
368 3242 459 3294 maluit
471 3241 578 3310 Douza,
592 3254 620 3296 ut
629 3263 677 3313 pa-
725 3257 781 3300 ter:
796 3245 866 3314 quod
874 3247 987 3298 verbum
997 3254 1061 3312 puto
1069 3238 1236 3294 reddendum

166 3329 205 3372 tet
216 3340 246 3372 ex
258 3323 316 3389 eius
327 3321 456 3375 adnotatis
468 3322 501 3375 ad
513 3322 557 3375 lib,
568 3339 597 3389 1,
617 3324 675 3376 Art.
725 3322 859 3388 Martiali,
875 3322 919 3375 lib.
934 3337 982 3386 111,
999 3320 1073 3389 Epig.
1087 3320 1136 3370 38:

164 3397 228 3450 Am.
242 3401 295 3451 126,
313 3402 396 3454 lum,
723 3408 743 3443 Si
754 3405 803 3443 nibil
810 3405 855 3443 blut
863 3407 927 3444 veniet
935 3433 940 3451 ,
949 3414 1057 3454 tangentur
1063 3404 1150 3444 cumin·
1158 3402 1221 3441 nobis.

201 3477 610 3550 13000curruaetcarme'nasemper.
619 3480 674 3536 Etsi
723 3478 812 3549 Vulgo
820 3485 974 3547 pangentur,
1002 3475 1072 3544 quod
1089 3476 1194 3528 obvium
1208 3475 1236 3528 in

162 3555 190 3607 in
205 3556 327 3609 omnibus
340 3557 471 3628 impressis
484 3561 675 3629 exemplaribus
723 3555 771 3610 bae
784 3576 812 3609 re
822 3555 918 3608 librarii
931 3554 1104 3623 arripuerunt.
1117 3552 1217 3604 Buuu.

160 3633 198 3686 ita
211 3633 321 3702 legitur,
341 3644 449 3701 tamen,
470 3637 530 3705 quia
544 3636 569 3688 id
583 3658 673 3692 sensns
758 3637 910 3687 asperatus.
921 3631 1059 3685 Posthune
1068 3648 1183 3696 versum,
1193 3629 1235 3682 in·

158 3711 251 3781 exigit,
261 3711 401 3780 legendum
411 3732 441 3766 ex
448 3715 617 3784 manuscripti
627 3734 673 3768 ro-
723 3711 826 3764 terserit
839 3711 939 3779 primus
951 3708 1086 3762 Palatinus
1100 3723 1106 3757 :

159 3785 223 3840 (lltls
230 3789 384 3843 auclorllale
391 3792 503 3843 omnino
511 3802 563 3858 esi,
575 3795 672 3848 Nom·
745 3808 804 3847 Nune
811 3807 886 3846 bostem
894 3809 968 3858 petitur
976 3820 1022 3844 cirin
1029 3805 1110 3858 reliquis
1116 3806 1187 3844 avibtn

158 3874 217 3918 nm!
226 3873 340 3920 cambra
351 3876 424 3921 ccrle.
443 3868 563 3922 Dubium
572 3869 616 3938 ld,
628 3871 673 3923 ln·
720 3879 1235 3933 Atunsrytlamuisnomuummedtmdoecirm

162 3942 233 4010 quit,
241 3945 353 3999 minime
362 3956 413 4010 est,
422 3947 540 4000 carmina
548 3947 615 4002 mibi
624 3949 673 4002 ob-
744 3954 798 3993 Pube
808 3954 892 4004 memte,
903 3961 941 3992 τῖε·

161 4020 246 4075 luisse.
263 4024 342 4078 Mun.
719 4027 1065 4095 -Cauossuratacapr'llos.
1079 4031 1166 4091 Coros,
1179 4028 1238 4081 Pu·
1303 4060 1305 4065 ·

199 4103 235 4153 15.
244 4105 324 4170 Quum
336 4105 434 4172 Thebe,
437 4122 512 4173 quum
518 4104 670 4175 ijirfhrel.
720 4116 788 4160 tenu.
796 4116 823 4161 et
834 4105 955 4176 quinque
963 4105 1137 4177 alii,quodsit,
1145 4103 1239 4175 predo-
