2798 4702
338 363 503 432 ARTIS
527 362 815 433 AMATORlAE
844 365 942 434 LIB.
967 367 1030 435 ΙΙ.Ι
1150 370 1215 440 3ι3

196 508 330 580 Sumere
343 535 352 580 t
364 505 497 605 judiciis
515 507 579 581 ista
593 536 718 581 venena
732 507 825 582 meis.

37 627 40 636 '
148 631 218 703 Aut
233 629 330 730 piper
345 631 457 704 urtica
470 631 635 705 mordacis
651 631 775 706 semine
791 631 953 722 miscent,

195 753 354 853 Tritaque
372 753 407 826 in
423 782 553 828 annoso
569 753 651 828 ssava
667 754 824 855 pyrethra
841 782 944 828 mero.

149 867 216 941 Sed
233 869 303 942 Dea
321 896 390 941 non
403 870 531 969 patitur
547 869 594 942 sic
611 867 652 943 ad
668 897 727 943 sua
745 869 864 965 gaudia
880 870 976 966 cogi,

200 981 294 1057 Colle
312 984 375 1057 sub
388 974 553 1058 ¹umbroso
570 1013 668 1084 quam
686 1001 777 1058 tenet
793 982 880 1058 altus
897 987 996 1086 Eryx.
1169 1008 1221 1077 420

153 1098 337 1185 Candidus,
352 1097 511 1173 Alcathoi
527 1099 585 1200 qui
600 1098 747 1173 mittitur
762 1099 848 1173 urbe
866 1098 1023 1197 Pelasga,

200 1214 349 1302 Bulbus,
364 1231 411 1302 et,
421 1242 465 1288 ex
480 1214 581 1288 horto
598 1242 671 1315 quae
687 1215 793 1303 venit,
807 1215 912 1290 herba
929 1215 1039 1292 salax:

153 1330 292 1430 Ovaque
308 1346 496 1418 sumantur,
512 1347 685 1403 sumantur
701 1330 871 1432 Hymettia
886 1329 1004 1420 mella,

201 1447 362 1547 Quasque
380 1445 459 1520 tulit
475 1444 560 1519 folio
576 1447 677 1548 pinus
692 1464 787 1521 acuta
802 1476 915 1522 nuces.

152 1592 297 1678 ΒΟΟΤΑ,
313 1590 394 1692 quid
411 1590 452 1666 ad
468 1590 631 1679 medicas,
645 1592 766 1678 Erato,
781 1590 959 1666 deveiteris
975 1594 1089 1668 artes?
1171 1615 1223 1686 tut.

201 1707 346 1780 Interior
362 1735 461 1782 curru
478 1725 564 1782 meta
581 1705 716 1782 terenda
732 1735 807 1782 meo
822 1725 882 1781 est.

155 1823 226 1920 Qui
242 1823 343 1897 modo
360 1823 489 1898 celabas
506 1824 710 1898 monitu'tua
724 1823 859 1898 crimina
876 1842 1017 1914 nostro,

203 1937 314 2012 Flecte
329 1939 411 2027 iter3
428 1957 461 2013 et
478 1939 611 2014 monitu
627 1939 742 2034 detege
759 1938 848 2013 furta
863 1969 948 2013 meo.

155 2056 225 2128 Nec
240 2053 353 2129 levitas
371 2054 533 2158 culpanda
548 2085 621 2131 mea
638 2074 712 2131 est:
728 2085 799 2129 nou
817 2084 946 2157 semper
963 2056 1078 2131 eodem

157 2233 284 2303 deudum,
294 2256 360 2290 num
368 2236 451 2308 magia
458 2236 491 2290 de
499 2237 595 2311 Satyrii
605 2237 665 2293 her·
746 2240 803 2303 4²²·
811 2239 855 2300 Et,
867 2254 900 2290 ex
911 2239 1047 2306 hortoque
1057 2242 1135 2300 venir,
1148 2239 1226 2292 herba

155 2313 188 2366 ba
200 2313 241 2367 hic
252 2314 322 2369 locus
335 2313 499 2384 accipiendus
509 2315 542 2368 sit
551 2333 560 2371 ι
568 2315 665 2386 legen·
712 2317 798 2366 salas.
811 2313 928 2368 Emcam
939 2313 1048 2386 intelligi
1063 2324 1145 2385 puto:
1160 2334 1224 2369 nam

155 2390 272 2461 dumque
282 2393 420 2464 Satyrea,a
432 2391 566 2461 primitivo
575 2393 667 2466 Satyro
714 2391 862 2445 etiusralib.
869 2408 892 2444 11
900 2433 908 2460 ,
917 2390 950 2446 de
963 2391 1075 2453 Remed.
1084 2393 1145 2447 Am.
1159 2413 1227 2467 799,

157 2466 272 2521 deducto
291 2469 402 2522 nomine
419 2478 472 2520 :ut
491 2469 667 2540 intelligamus
714 2468 1224 2526 salacemeamdemnominathocverstu

157 2544 268 2611 herbas,
285 2546 338 2599 sive
355 2546 558 2616 compositiones
569 2567 600 2600 ex
611 2549 668 2601 ὃσ-
714 2551 758 2592 Neo
766 2553 984 2604 minumuemptum
993 2553 1224 2605 arvitmmtemffle.

159 2624 221 2694 lyrii
228 2623 362 2676 additione
374 2643 403 2677 ac
415 2634 594 2693 temperatura
608 2625 668 2678 sac·
749 2628 807 2692 425.
815 2629 902 2680 Docta
908 2629 1227 2697 qmtladmagrkasssrato,

158 2711 213 2767 tas,
225 2720 289 2770 quas
300 2700 378 2771 vulgo
390 2702 417 2754 in
428 2701 539 2755 officinis
551 2721 580 2756 ae
588 2701 669 2772 phar·
717 2706 968 2758 ermemmarus?
984 2708 1123 2759 Dr'eerterr's
1139 2706 1228 2776 scripti

159 2778 669 2855 maeopoliistrbrmuptoovoearesoleut
717 2781 852 2852 plerique:
864 2782 913 2836 nisi
926 2781 998 2852 quod
1010 2782 1108 2854 Regius
1118 2823 1125 2849 ,
1135 2786 1227 2836 derer-

192 2861 249 2928 4¹7·
259 2859 357 2912 Urtr'cae.
365 2857 525 2928 Conjeeerat
530 2859 594 2913 olim
605 2861 669 2913 Eru-
718 2865 794 2913 teris:
803 2860 938 2930 quomodo
949 2881 1055 2933 semper
1065 2862 1092 2915 in
1105 2862 1227 2916 vetustio-

160 2938 387 3002 caeHeinsiuosed
399 2940 671 3009 posteamutavitsen·
718 2939 790 2992 ribus
808 2940 880 2993 libris
901 2941 977 2994 scribi
995 2941 1049 3009 jam
1061 2940 1228 2994 observatum

160 3019 279 3073 tentiam.
298 3015 401 3072 Contra
412 3018 466 3071 vim
478 3018 580 3089 frigoris
589 3019 670 3074 etiam
719 3028 767 3086 est,
775 3018 807 3072 ad
816 3019 857 3073 lib.
866 3020 905 3087 ll,
916 3020 1008 3075 Amor.
1021 3021 1062 3074 El.
1071 3038 1111 3087 vr,
1117 3039 1141 3092 9.
1150 3020 1228 3075 Unus

160 3116 251 3151 semen
270 3098 360 3150 urticae
371 3095 542 3152 commendat
553 3097 670 3152 Seremus
719 3116 811 3163 meus,
829 3103 955 3151 reverteret
972 3118 980 3150 .·
996 3098 1112 3168 proxime
1127 3116 1229 3151 rerum.

162 3175 299 3229 Sammou.
313 3174 404 3229 Carm.
418 3193 443 3228 x.
458 3175 557 3229 Buam.
720 3173 773 3228 Sed
781 3194 829 3228 cur
835 3174 1111 3244 magr'casartesssaege
1117 3175 1230 3231 omniuo

195 3255 251 3318 421.
263 3255 390 3307 Alcathoi
398 3258 464 3308 urbe.
477 3253 616 3323 Megaram
627 3270 671 3306 ur·
718 3254 830 3306 medicas
845 3260 925 3313 artes,
942 3270 1004 3305 cum
1017 3248 1117 3323 Mureti
1132 3251 1230 3306 codice.

162 3324 224 3385 beni
236 3332 372 3402 iutelligit,
384 3333 474 3401 cujus,
483 3341 589 3385 auctore
599 3332 671 3384 Pau·
721 3333 889 3391 Convertm‘s,
903 3331 1024 3384 Francol.
1034 3333 1097 3384 uttt
1107 3329 1229 3399 quadarn

163 3410 253 3476 sauia,
265 3409 343 3463 Attio.
353 3409 565 3480 xe1,imperium
577 3408 672 3463 dieitur
719 3407 855 3462 editiones.
866 3408 967 3461 Herus.

164 3487 278 3541 tenuisse
292 3487 450 3555 Alcathous,
463 3487 568 3558 Pelopis
586 3486 672 3555 fitius,
752 3487 809 3552 426.
826 3483 933 3539 Interior
953 3505 1024 3538 curru
1042 3492 1109 3540 meta
1126 3487 1230 3538 terenda

163 3577 222 3636 post
234 3565 390 3636 Megareum
401 3606 408 3632 ‚
420 3565 495 3636 cujus
504 3564 586 3619 filiam
601 3582 673 3618 uxo·
720 3571 826 3617 meoest.
841 3565 927 3616 Tenda
935 3562 1048 3633 Regium
1061 3561 1133 3616 unde
1141 3560 1232 3631 scripti

164 3648 222 3698 rem
233 3643 349 3696 duxerat
361 3641 499 3713 Megaram
509 3653 598 3696 autem
607 3661 673 3696 eou-
720 3641 868 3711 complures
879 3643 994 3702 tenenda,
1008 3659 1069 3693 cum
1080 3640 1165 3710 prima
1176 3637 1233 3692 edi·

165 3722 276 3788 didisse,
287 3720 358 3775 socio
369 3721 455 3790 operis
466 3721 588 3792 Apolline
599 3761 606 3789 ,
619 3732 673 3774 tes·
721 3719 793 3772 tione
807 3729 966 3788 :utrumque
974 3719 1086 3788 probum
1097 3729 1143 3772 est
1162 3718 1198 3772 Η.

165 3811 236 3857 tatur
256 3798 404 3870 Theognis,
422 3808 542 3876 ssepaima.
553 3803 614 3869 751,
628 3797 673 3870 qui
756 3799 813 3869 429.
823 3800 877 3850 Nec
886 3799 1112 3864 Im'tasculparrda
1121 3803 1232 3849 neaera.

165 3881 257 3951 etipse
270 3876 452 3949 Megarensis:
724 3875 807 3945 Quod
829 3877 965 3941 detegenda
988 3893 1062 3928 nuuc
1082 3874 1232 3944 precipiam

166 3966 227 4013 Φοῖθι
241 3963 299 4027 ἅναξ
307 3997 315 4025 ,
328 3961 399 4016 αὐτὰ
410 3962 452 4025 μὶν
468 3957 597 4033 ε’πύῃωσας
612 3961 675 4013 riter
714 3953 805 4021 fierda,
820 3971 878 4022 qut
887 3951 968 4005 modo
976 3956 1084 4007 celanda
1091 3972 1233 4008 suaseram.

265 4039 335 4111 ἄκρην
723 4031 786 4085 Una
794 4029 1142 4102 quippemeus,eademque
1151 4029 1231 4084 mihi:

200 4117 309 4184 Amulio
316 4117 412 4173 Πέλοπος
423 4116 495 4167 παιδὶ
503 4116 659 4188 χαμςὸμενες.
723 4127 841 4164 amorem
855 4108 932 4165 scilic.
944 4110 1018 4166 omni
1033 4121 1088 4168 arte
1100 4109 1232 4166 adserere.
