2798 4702
338 404 493 472 ARTIS
523 407 809 503 Amnuoullu
835 409 932 475 LIB.
965 411 1042 476 111.
1147 410 1212 499 389

208 543 271 615 Per
286 569 421 616 somnos
438 544 508 618 fieri
524 543 627 618 multa
644 545 798 645 pudenda
816 544 933 619 solent.

160 683 365 756 Utuultlout
383 684 487 783 pudet
504 684 677 757 docuisse:
693 684 750 757 sed
765 683 849 758 alma
867 685 995 772 Dione,

208 796 374 898 Praecipue
390 792 540 873 nostrum
553 817 619 886 est,
636 800 725 899 quod
743 801 862 900 pudet,
878 801 1004 900 inquit,
1020 829 1115 902 opus.
1166 841 1215 893 77⁰

160 912 246 984 Nota
263 914 328 986 sibi
345 916 412 988 sint
430 944 566 1015 quaque
580 945 588 988 ε
604 916 722 988 modos
740 944 913 1015 acorpore
931 934 1040 991 certos

207 1027 333 1101 Sumite
348 1059 356 1100 ε
370 1059 437 1102 non
455 1058 569 1103 omnes
586 1059 653 1103 una
669 1030 774 1125 ligura
790 1030 892 1104 decet.

160 1142 244 1237 Quae
260 1143 340 1216 facie
358 1146 528 1243 praesignis
545 1146 627 1232 eris,
641 1146 797 1246 resupina
812 1147 940 1244 jaccto:

208 1259 405 1356 Spectentur
420 1277 530 1355 tergo,
547 1261 621 1361 quis
637 1289 694 1334 sua
711 1278 802 1354 terga
818 1258 959 1359 placent.

161 1371 326 1446 Milanion
343 1372 489 1448 humeris
506 1375 677 1451 Atalantes
692 1405 786 1450 crura
802 1376 948 1450 ferebat:
1166 1399 1215 1468 775

210 1488 245 1559 Si
263 1489 352 1561 bona
367 1507 463 1577 suut,
477 1489 543 1563 hoc
559 1509 637 1564 suut
653 1491 840 1592 accipienda
856 1491 967 1565 modo.

162 1603 264 1676 Parva
280 1603 418 1677 vehatur
431 1633 518 1705 equo
534 1635 541 1678 :
558 1606 647 1706 quod
665 1624 734 1681 erat
748 1606 959 1701 longissima,
973 1634 1144 1708 uunquam

209 1718 353 1793 Thebais
372 1721 535 1795 Hectoreo
550 1741 655 1823 nupta
672 1724 793 1798 resedit
809 1753 906 1824 equo.

162 1832 271 1907 Strata
285 1855 412 1936 premat
429 1839 590 1932 genibus,
606 1839 742 1941 paulum
759 1840 881 1915 cervice
899 1839 1033 1924 uellera,

210 1951 359 2040 Femina,
375 1982 436 2054 per
451 1953 588 2051 longum
603 1955 835 2058 conspicienda
852 1953 948 2027 latus.
1167 1972 1216 2037 780

164 2067 227 2141 Cui
242 2067 348 2142 femur
364 2087 414 2143 est
427 2071 589 2168 juvenile,
608 2089 718 2145 carent
734 2071 787 2143 cui
805 2086 939 2169 pectora
955 2067 1088 2152 menda,
1153 2074 1157 2081 ’

211 2183 346 2284 Semper
360 2185 396 2256 in
412 2184 552 2284 obliquo
569 2185 642 2257 susa
658 2185 703 2256 sit
718 2181 775 2256 illa
792 2198 877 2253 toro.

163 2302 230 2374 Nec
247 2301 309 2374 tibi
326 2318 420 2400 turpe
438 2318 518 2401 puta
536 2299 678 2386 crinem,
692 2316 731 2371 ut
748 2295 897 2398 Phylle'ia
913 2310 1031 2380 mater,

210 2415 365 2490 Solvere:
382 2432 416 2489 et
432 2415 544 2488 ellusis
563 2413 647 2488 colla
661 2413 787 2488 rellecte
804 2412 916 2486 comis.

197 2590 251 2660 769.
268 2592 475 2658 Ulten‘orapudet
481 2593 602 2644 docuisse.
613 2593 664 2646 Pu·
712 2593 790 2645 etiam
799 2591 871 2661 prior
882 2586 1068 2641 Mentelianus.
1078 2584 1163 2652 Lege,
1173 2602 1218 2636 ca·
1261 2614 1266 2626 ·

164 2663 223 2717 oleat
229 2666 319 2719 saltem
328 2669 522 2722 commentariis
529 2668 663 2721 illustrare.
711 2676 766 2720 rent
774 2673 921 2733 cue'pectora
927 2667 1013 2717 mendo
1023 2679 1031 2710 t
1042 2673 1071 2714 ut
1078 2679 1218 2714 concursus

164 2744 663 2814 Hicigiturmihisubsisteudumcredo,
711 2745 928 2800 viteturdurima.
937 2741 1153 2812 Videsupra,hoc
1163 2741 1218 2809 ipso

164 2821 227 2874 dum
243 2823 369 2878 inchoate
382 2829 419 2880 rei
432 2827 513 2880 exitus
524 2827 663 2880 certiorem
712 2824 791 2893 libro,
800 2827 882 2879 Notas
890 2824 922 2878 ad
931 2843 996 2876 verr.
1005 2822 1060 2875 251.
1071 2823 1138 2887 Quoi
1141 2818 1217 2888 scrip·
1294 2888 1297 2897 Ι

164 2919 207 2953 me
219 2901 308 2956 lecerit
319 2942 327 2969 ,
340 2915 430 2957 utrum
438 2916 541 2976 tempus
552 2906 619 2959 bene
632 2924 665 2957 au
713 2914 770 2957 tum
784 2915 840 2956 crat
852 2923 858 2956 :
871 2902 932 2955 hinc
942 2918 1035 2970 quoque
1046 2899 1151 2951 sactum.
1164 2896 1199 2947 H.

165 2979 232 3032 male
240 2980 266 3033 in
276 2980 325 3035 hoc
331 2984 512 3054 qualicumque
522 3004 601 3055 opere
613 2983 668 3037 col·
748 2986 802 3052 782.
815 2984 1047 3050 Semperr'nobliquo
1053 2989 1102 3032 etc.
1108 2976 1217 3046 Optime

164 3055 309 3111 locaverim.
323 3061 417 3113 Autan.
715 3063 798 3133 prima
811 3062 910 3127 editio,
926 3071 951 3113 et
963 3059 1050 3129 scripti
1063 3055 1183 3110 meliores
1196 3074 1202 3107 ε

199 3155 252 3204 77¹·
264 3139 540 3207 Notase'be‘se'tqnaeque.
548 3141 604 3192 Sint
612 3139 668 3191 Re·
738 3147 818 3186 neure
828 3159 833 3183 ι
845 3143 1002 3194 meutiquam..
1013 3143 1145 3193 unp-1010.

165 3215 220 3283 gius
232 3225 258 3267 et
269 3234 338 3268 unus
349 3216 497 3270 Vaticanus.
509 3216 577 3270 Vide
586 3219 667 3271 Notas
749 3223 803 3292 784.
811 3219 1023 3285 Etessusrlccolla
1030 3217 1219 3283 reflecterent).

167 3290 198 3344 ad
208 3291 299 3344 Amor.
309 3292 350 3345 lib.
360 3293 401 3359 ll,
415 3295 487 3364 Eleg.
499 3311 537 3358 xr,
552 3313 616 3347 vera.
627 3314 668 3345 ur·
716 3295 901 3364 Renecteprior
909 3291 1037 3346 Mentelii.
1045 3290 1220 3360 Aprosianus,

166 3370 425 3438 -Modosacorpore
431 3379 510 3424 certos
517 3373 615 3424 sunm.
628 3370 669 3423 lta
715 3377 810 3442 reflecte
825 3391 833 3423 .·
851 3375 876 3425 τὲ
891 3372 987 3438 reflecte
1005 3367 1127 3421 hocloco
1146 3365 1222 3418 nihili

166 3449 243 3500 estin
259 3449 333 3502 bonis
344 3448 432 3502 libris:
444 3467 512 3501 vere.
526 3447 605 3502 Ctor.
624 3449 672 3500 Ad
716 3458 769 3508 est.
789 3465 946 3517 quamquam
963 3445 1072 3498 minime
1088 3462 1132 3496 mc
1146 3461 1220 3512 pru-

166 3544 270 3592 corpom
283 3535 395 3594 quatuor
411 3524 516 3592 scripti,
537 3534 563 3577 et
579 3538 669 3591 margo
717 3528 778 3581 terit
790 3528 937 3580 lllaronian.
951 3525 1013 3578 illud
1027 3525 1059 3578 de
1072 3524 1145 3593 equis
1158 3523 1220 3576 AEn.

166 3602 268 3656 Benm.
279 3600 439 3655 cunctosduo
446 3616 452 3649 ἱ
459 3607 570 3667 complos
577 3617 652 3652 mus·
718 3606 766 3670 xl,
776 3606 839 3658 θυι
848 3608 935 3657 mollr'a
944 3607 1011 3656 colla
1018 3606 1155 3670 reflectunt:
1161 3619 1222 3654 con·

198 3676 668 3750 773.Quaesacr'epresr'pnr'sen'lRectc,
718 3685 900 3734 trudunbron's
911 3700 993 3749 equus.
1005 3677 1083 3747 Apud
1095 3678 1222 3731 Nostrum

167 3759 238 3828 quod
250 3760 278 3811 in
291 3758 409 3812 Palatino
419 3755 525 3821 codice,
545 3772 598 3822 <1¹¹0
609 3771 669 3805 111111
716 3759 890 3820 scribendum,
903 3759 952 3812 nisi
959 3758 1109 3823 coniectura
1119 3773 1162 3807 me
1172 3754 1220 3806 sal-

167 3850 206 3892 est
219 3838 348 3891 Gruterus
364 3856 370 3888 2
389 3834 530 3903 Quesacie
538 3835 670 3900 prestitit?
717 3838 763 3903 lit,
784 3841 851 3890 colla
861 3841 951 3904 replere
962 3856 970 3888 .¹
981 3835 1034 3889 aive
1047 3834 1174 3904 passivum
1190 3833 1224 3886 ait

112 3968 117 3977 .
167 3924 224 3972 eris.
238 3918 310 3970 Dan.
324 3915 424 3968 fluns.
717 3916 849 3986 graecismo
863 3916 972 3979 usitato,
991 3913 1042 3966 rive
1055 3911 1224 3964 infinitivum.

202 4002 256 4070 778.
269 4000 360 4064 Nupta.
374 3997 461 4056 Nuda,
475 3994 528 4047 duo
538 3993 604 4047 libri.
718 3993 817 4045 Hunos.
835 3995 945 4044 Emrlcsr's
956 3989 1055 4058 Regius
1065 4008 1071 4041 ι
1081 3998 1151 4043 certe
1156 3987 1223 4056 susa

204 4079 258 4143 781.
273 4081 366 4132 Carent
372 4094 464 4144 quoque
472 4081 563 4126 coetera
574 4073 670 4125 menda.
719 4078 888 4137 precesserat.
904 4068 999 4132 Forte,
1011 4070 1138 4119 rirrmr'ssclr.
1150 4066 1224 4116 colla

174 4155 273 4222 Quoque
278 4162 381 4222 pectora
388 4150 601 4223 scriptimeliorcs
612 4167 620 4202 ι
630 4153 675 4203 cri
718 4148 808 4216 referre
817 4147 944 4202 Berosus
955 4155 985 4201 et*
993 4145 1064 4199 alius.
