2798 4702
270 498 1018 608 'P.0V1D11NASONIS
1168 668 1172 673 Ι

201 779 495 912 ARTIS
546 776 1105 908 AMATORIAE

369 1081 561 1167 LIBER
598 1080 954 1168 SECUNDUS.

138 1362 321 1478 DICITE,
342 1392 380 1464 lo
398 1389 495 1462 Paean
509 1421 517 1464 :
533 1407 583 1475 et,
603 1391 657 1479 io,
674 1391 729 1464 bis
747 1389 860 1479 dicite,
878 1392 996 1466 Paean:

184 1505 318 1580 Decidit
332 1506 369 1577 in
383 1533 489 1579 casses
505 1506 614 1607 praeda
629 1507 732 1607 petita
748 1510 859 1580 meos!

137 1623 248 1695 Latus
265 1648 377 1694 amans
393 1620 496 1694 donet
511 1620 608 1693 viridi
621 1650 693 1694 mea
709 1623 853 1697 carmina
869 1622 1000 1724 palma:
1024 1650 1029 1657 ·

188 1737 345 1812 Proserar
360 1737 492 1811 Ascraeo
506 1737 720 1838 Maeonioque
737 1741 817 1813 seni.

140 1850 231 1925 Talis
244 1851 285 1924 ab
303 1838 462 1925 annileris
477 1852 657 1926 Priameius
674 1852 797 1954 hospes
812 1852 959 1956 Amyclis
1183 1875 1198 1926 5

190 1968 339 2042 Candida
350 1998 425 2044 cum
441 1986 537 2070 rapta
552 1968 693 2066 conjuge
707 1966 779 2040 vela
796 1967 896 2040 dedit.

143 2081 232 2156 Talis
247 2102 334 2171 erat,
353 2084 412 2185 qui
429 2101 462 2158 tc
476 2112 574 2158 curru
591 2083 713 2157 victore
731 2080 875 2168 screbat,

190 2200 291 2273 Vecta
304 2200 502 2301 peregrinis,
521 2196 761 2300 Hippodamia,
780 2194 873 2268 rotis.

144 2313 236 2410 Quid
252 2342 426 2414 properas,
442 2313 594 2412 juvenis?
609 2311 726 2387 mediis
740 2326 796 2383 tua
811 2309 912 2411 pinus
928 2306 964 2380 in
980 2305 1079 2380 undis
1223 2410 1226 2419 Ι

188 2428 349 2521 Navigat3
367 2443 401 2500 et
417 2424 534 2521 longe,
549 2454 648 2527 quem
661 2444 757 2528 peto,
774 2443 893 2526 portus
909 2424 1012 2498 abest.
1172 2462 1201 2496 ιιι

180 2667 200 2697 ι.
217 2649 319 2707 De'cr'le,
338 2647 368 2697 Io
383 2647 461 2698 Paean
479 2653 528 2698 etc.
547 2643 650 2699 Eodem
699 2645 817 2716 Aprosii,
829 2647 956 2700 Beruens.
967 2641 1202 2696 etduoaliizlam

146 2721 227 2774 animi
235 2722 335 2792 impetu
346 2723 481 2791 abreptus,
489 2741 578 2776 unuse
588 2741 651 2777 nos-
700 2723 878 2788 Commelini,
891 2733 943 2776 tres
953 2720 1064 2775 Palatini
1074 2760 1082 2787 ,
1094 2731 1121 2773 et
1131 2738 1202 2789 qua-

147 2799 192 2851 tris
199 2797 311 2867 (Berlin)
319 2800 364 2869 qui
371 2800 430 2854 sccit
438 2818 499 2870 ,pro
510 2798 616 2864 viribus,
622 2810 652 2853 nt
700 2811 760 2854 tuor
772 2802 813 2854 alii
824 2805 901 2869 :pari
908 2819 963 2852 mea
974 2806 1083 2867 tempora
1094 2797 1203 2867 Neapol.

148 2874 238 2945 Elegia
249 2876 316 2931 Galli
328 2897 432 2947 quoque
444 2879 579 2932 Romanos
588 2896 652 2949 pro-
701 2878 781 2933 Unde
794 2878 936 2950 legendum
945 2877 1075 2946 conjicere
1084 2875 1188 2932 liceret:

150 2968 289 3025 vocarent,
301 2957 440 3026 exclamat,
454 2957 527 3030 Eleg.
539 2974 569 3012 Π
582 2972 588 3007 2
699 2967 766 3006 Intus
775 2979 841 3005 amans
848 2975 904 3005 ornet
909 2965 982 3016 rupti·
990 2978 1032 3002 na
1039 2972 1126 3014 tempora
1131 2970 1203 3014 myrto.

172 3051 275 3093 messe
284 3055 567 3106 aestumandum,
700 3045 715 3096 lt
733 3039 1000 3107 4-PreserarAscreo,
1010 3039 1205 3104 Maeonioquese·

171 3127 241 3167 Deest
248 3129 330 3167 taurim
338 3131 417 3179 coigm
424 3127 652 3182 messanensium.
700 3124 735 3170 ni.
749 3118 869 3170 Homero
878 3117 974 3170 scilicet
985 3126 1012 3168 et
1024 3112 1157 3178 Hesiodo;
1171 3112 1204 3166 de

171 3197 274 3239 mend
284 3202 336 3240 mni!
345 3215 383 3253 qu·
392 3199 617 3239 bemasmsdel'lude
702 3195 794 3264 quibus
804 3193 855 3247 vid.
866 3194 958 3247 Amor.
971 3195 1000 3258 l,
1015 3193 1087 3263 Eleg.
1100 3210 1152 3260 xv,
1167 3213 1204 3246 11.

69 3283 74 3295 '
173 3274 255 3312 ΡΜ
261 3276 314 3311 ‘⁸⁰³⁶
323 3287 350 3312 ⁶¹⁶
360 3272 433 3312 ΜΨ
440 3271 467 3311 ³⁴
476 3286 510 3311 ¹⁰¹⁸
517 3285 577 3312 W·
735 3277 757 3326 5.
763 3275 903 3326 promtus
909 3275 1006 3338 hospes.
1012 3271 1207 3339 Paris,Priami

150 3381 182 3392 -
193 3355 222 3405 Io
234 3356 320 3406 Paean.
331 3356 362 3406 Io
371 3365 409 3407 est
421 3373 470 3406 vox
477 3352 652 3407 exultantium
702 3349 785 3414 filius,
803 3349 848 3418 qui
860 3349 970 3418 hospitio
983 3350 1095 3420 benigne
1107 3371 1206 3420 excep-

150 3441 314 3498 venatorum,
324 3434 377 3501 qui,
385 3445 459 3504 capta
467 3434 654 3501 [credeban
703 3438 770 3481 tusa
783 3427 924 3493 Menelao,
937 3427 1003 3481 illius
1015 3431 1155 3497 conjugem
1166 3449 1207 3481 ra-

151 3505 344 3574 inclamabant,
362 3529 393 3561 eo
408 3509 479 3579 quod
495 3511 516 3563 is
534 3511 566 3563 sit
580 3509 654 3563 Deus
702 3508 765 3576 puit.
773 3508 896 3577 Amyclis.
906 3506 1039 3577 Amyclae,
1052 3507 1113 3558 urbs
1121 3507 1148 3556 in
1159 3506 1206 3557 La-

150 3585 291 3638 venatoriae
301 3586 378 3650 artis,
392 3589 466 3657 cujus
479 3606 555 3642 soror
567 3586 654 3640 Diana
702 3585 793 3651 conia,
811 3603 867 3637 non
885 3583 963 3652 longe
976 3603 990 3634 a
1002 3582 1207 3643 Lacedaemone;

152 3662 268 3715 venatrix
278 3680 382 3730 quoque
394 3683 448 3717 esse
461 3663 562 3718 dicitur.
703 3662 774 3715 unde
786 3660 880 3715 Castor
890 3672 916 3714 et
928 3659 1018 3713 Pollux
1028 3668 1055 3710 et
1064 3677 1138 3710 soror
1150 3658 1206 3712 He-

184 3741 207 3793 3.
219 3741 400 3793 laelnsamans
411 3743 492 3795 donet.
500 3744 596 3805 Donat,
606 3761 656 3812 op-
702 3739 776 3804 lena,
790 3738 871 3791 modo
883 3736 1069 3789 Lacedaemone
1076 3773 1084 3801 ,
1093 3734 1209 3806 Amyclis

151 3819 231 3872 timus
239 3819 346 3889 Regius,
356 3837 416 3871 cum
426 3819 479 3872 aliis
487 3819 620 3872 nonnullis
628 3831 656 3874 et
704 3815 802 3882 modo,
816 3814 940 3867 dicuntur
951 3814 1012 3866 nati.

153 3899 237 3966 prima
245 3898 367 3951 editione.
376 3897 656 3963 Forte,dona.Amarrs
737 3899 760 3950 8.
772 3893 1209 3959 Vectaperegntu'smppodamem·

153 3985 223 4030 ornet
233 3977 365 4031 Palatinus
376 3991 381 4024 :
393 3979 657 4042 meatemporapalnra
703 3979 744 4026 lis.
752 3970 988 4027 Occurrittotidem
994 3971 1087 4036 verbis,
1095 3972 1121 4024 in
1129 3971 1209 4040 Epist.

155 4054 367 4119 quatuordeeim,
385 4072 440 4106 mea
454 4060 563 4121 tempora
578 4060 657 4124 myrto
704 4068 774 4117 vui,
792 4051 951 4107 Hermiones
963 4050 995 4103 ad
1007 4050 1129 4105 Oresten.
1141 4070 1180 4122 7⁰·
