<?xml version="1.0" encoding="UTF-8"?>
<!DOCTYPE html PUBLIC "-//W3C//DTD XHTML 1.0 Transitional//EN"
    "http://www.w3.org/TR/xhtml1/DTD/xhtml1-transitional.dtd">
<html xmlns="http://www.w3.org/1999/xhtml" xml:lang="en" lang="en">
 <head>
  <title>
</title>
<meta http-equiv="Content-Type" content="text/html;charset=utf-8" />
  <meta name='ocr-system' content='tesseract 3.04.00' />
  <meta name='ocr-capabilities' content='ocr_page ocr_carea ocr_par ocr_line ocrx_word'/>
</head>
<body>
  <div class='ocr_page' id='page_1' title='image "./publiiovidiinas00massgoog_0446.png"; bbox 0 0 2798 4702; ppageno 0'>
   <div class='ocr_carea' id='block_1_1' title="bbox 445 351 1230 439">
    <p class='ocr_par' dir='ltr' id='par_1_1' title="bbox 445 351 1230 439">
     <span class='ocr_line' id='line_1_1' title="bbox 445 351 1230 439; baseline -0.001 -17"><span class='ocrx_word' id='word_1_1' title='bbox 445 352 692 422; x_wconf 77' lang='lat' dir='ltr'><strong>annuum</strong></span> <span class='ocrx_word' id='word_1_2' title='bbox 724 353 948 424; x_wconf 78' lang='lat' dir='ltr'><strong>anonrs.</strong></span> <span class='ocrx_word' id='word_1_3' title='bbox 1167 351 1230 439; x_wconf 70' lang='lat'><strong>441</strong></span> 
     </span>
    </p>
   </div>
   <div class='ocr_carea' id='block_1_2' title="bbox 119 494 1237 3279">
    <p class='ocr_par' dir='ltr' id='par_1_2' title="bbox 119 494 1237 3279">
     <span class='ocr_line' id='line_1_2' title="bbox 211 494 1237 596; baseline -0.001 -27"><span class='ocrx_word' id='word_1_4' title='bbox 211 494 315 594; x_wconf 78' lang='lat' dir='ltr'><strong>Quod</strong></span> <span class='ocrx_word' id='word_1_5' title='bbox 333 494 360 568; x_wconf 91' lang='lat' dir='ltr'><strong>si</strong></span> <span class='ocrx_word' id='word_1_6' title='bbox 378 522 449 568; x_wconf 93' lang='lat' dir='ltr'><strong>non</strong></span> <span class='ocrx_word' id='word_1_7' title='bbox 466 494 606 582; x_wconf 83' lang='lat' dir='ltr'><strong>faceret,</strong></span> <span class='ocrx_word' id='word_1_8' title='bbox 622 494 765 596; x_wconf 83' lang='lat' dir='ltr'>turpiter</span> <span class='ocrx_word' id='word_1_9' title='bbox 782 512 870 570; x_wconf 87' lang='lat' dir='ltr'><strong>esset</strong></span> <span class='ocrx_word' id='word_1_10' title='bbox 889 495 987 568; x_wconf 91' lang='lat' dir='ltr'><strong>iners.</strong></span> <span class='ocrx_word' id='word_1_11' title='bbox 1186 520 1237 590; x_wconf 83' lang='lat'><strong>780</strong></span> 
     </span>
     <span class='ocr_line' id='line_1_3' title="bbox 164 609 983 711; baseline -0.004 -24"><span class='ocrx_word' id='word_1_12' title='bbox 164 615 262 687; x_wconf 84' lang='lat' dir='ltr'><strong>Certe</strong></span> <span class='ocrx_word' id='word_1_13' title='bbox 279 641 339 708; x_wconf 84' lang='lat' dir='ltr'><strong>ego</strong></span> <span class='ocrx_word' id='word_1_14' title='bbox 355 611 520 697; x_wconf 80' lang='lat' dir='ltr'><strong>fecissem,</strong></span> <span class='ocrx_word' id='word_1_15' title='bbox 538 639 597 685; x_wconf 89' lang='lat' dir='ltr'><strong>nec</strong></span> <span class='ocrx_word' id='word_1_16' title='bbox 612 640 686 685; x_wconf 86' lang='lat' dir='ltr'><strong>sum</strong></span> <span class='ocrx_word' id='word_1_17' title='bbox 701 611 886 711; x_wconf 85' lang='lat' dir='ltr'><strong>sapientior</strong></span> <span class='ocrx_word' id='word_1_18' title='bbox 903 609 983 684; x_wconf 90' lang='lat' dir='ltr'><strong>illo:</strong></span> 
     </span>
     <span class='ocr_line' id='line_1_4' title="bbox 212 725 832 802; baseline -0.005 -1"><span class='ocrx_word' id='word_1_19' title='bbox 212 728 347 802; x_wconf 72' lang='lat' dir='ltr'><strong>Inuidiae</strong></span> <span class='ocrx_word' id='word_1_20' title='bbox 363 729 491 802; x_wconf 80' lang='lat' dir='ltr'><strong>fructus</strong></span> <span class='ocrx_word' id='word_1_21' title='bbox 508 728 670 801; x_wconf 82' lang='lat' dir='ltr'><strong>maximus</strong></span> <span class='ocrx_word' id='word_1_22' title='bbox 687 725 743 801; x_wconf 93' lang='lat' dir='ltr'><strong>ille</strong></span> <span class='ocrx_word' id='word_1_23' title='bbox 759 726 832 800; x_wconf 84' lang='lat' dir='ltr'><strong>luit.</strong></span> 
     </span>
     <span class='ocr_line' id='line_1_5' title="bbox 164 836 1043 945; baseline -0.001 -28"><span class='ocrx_word' id='word_1_24' title='bbox 164 836 248 918; x_wconf 88' lang='lat' dir='ltr'><strong>Nam</strong></span> <span class='ocrx_word' id='word_1_25' title='bbox 264 845 329 918; x_wconf 86' lang='lat' dir='ltr'><strong>sibi</strong></span> <span class='ocrx_word' id='word_1_26' title='bbox 349 843 441 945; x_wconf 91' lang='lat' dir='ltr'><strong>quod</strong></span> <span class='ocrx_word' id='word_1_27' title='bbox 456 870 629 943; x_wconf 89' lang='lat' dir='ltr'><strong>nunquam</strong></span> <span class='ocrx_word' id='word_1_28' title='bbox 646 861 765 917; x_wconf 87' lang='lat' dir='ltr'><strong>tactam</strong></span> <span class='ocrx_word' id='word_1_29' title='bbox 784 840 938 917; x_wconf 83' lang='lat' dir='ltr'><strong>Briseida</strong></span> <span class='ocrx_word' id='word_1_30' title='bbox 952 842 1043 942; x_wconf 86' lang='lat' dir='ltr'><strong>jurat</strong></span> 
     </span>
     <span class='ocr_line' id='line_1_6' title="bbox 215 960 1075 1061; baseline -0.001 -28"><span class='ocrx_word' id='word_1_31' title='bbox 215 962 280 1035; x_wconf 90' lang='lat' dir='ltr'><strong>Per</strong></span> <span class='ocrx_word' id='word_1_32' title='bbox 297 978 487 1061; x_wconf 80' lang='lat' dir='ltr'><strong>sceptrum,</strong></span> <span class='ocrx_word' id='word_1_33' title='bbox 503 978 670 1061; x_wconf 78' lang='lat' dir='ltr'><strong>sceptrum</strong></span> <span class='ocrx_word' id='word_1_34' title='bbox 684 988 753 1033; x_wconf 91' lang='lat' dir='ltr'><strong>nou</strong></span> <span class='ocrx_word' id='word_1_35' title='bbox 771 976 870 1060; x_wconf 87' lang='lat' dir='ltr'><strong>putat</strong></span> <span class='ocrx_word' id='word_1_36' title='bbox 886 988 958 1034; x_wconf 89' lang='lat' dir='ltr'><strong>esse</strong></span> <span class='ocrx_word' id='word_1_37' title='bbox 972 960 1075 1034; x_wconf 85' lang='lat' dir='ltr'><strong>Deos.</strong></span> 
     </span>
     <span class='ocr_line' id='line_1_7' title="bbox 164 1076 1235 1178; baseline 0 -24"><span class='ocrx_word' id='word_1_38' title='bbox 164 1080 209 1154; x_wconf 88' lang='lat' dir='ltr'><strong>Di</strong></span> <span class='ocrx_word' id='word_1_39' title='bbox 226 1080 364 1166; x_wconf 86' lang='lat' dir='ltr'><strong>saciant,</strong></span> <span class='ocrx_word' id='word_1_40' title='bbox 381 1077 521 1151; x_wconf 80' lang='lat' dir='ltr'><strong>dominae</strong></span> <span class='ocrx_word' id='word_1_41' title='bbox 536 1079 646 1178; x_wconf 89' lang='lat' dir='ltr'><strong>possis</strong></span> <span class='ocrx_word' id='word_1_42' title='bbox 663 1077 802 1151; x_wconf 87' lang='lat' dir='ltr'><strong>transire</strong></span> <span class='ocrx_word' id='word_1_43' title='bbox 820 1076 942 1151; x_wconf 73' lang='lat' dir='ltr'><strong>relictae</strong></span> <span class='ocrx_word' id='word_1_44' title='bbox 1185 1101 1235 1170; x_wconf 77' lang='lat'><strong>785</strong></span> 
     </span>
     <span class='ocr_line' id='line_1_8' title="bbox 211 1192 927 1295; baseline -0.004 -27"><span class='ocrx_word' id='word_1_45' title='bbox 211 1196 358 1280; x_wconf 87' lang='lat' dir='ltr'><strong>Limina;</strong></span> <span class='ocrx_word' id='word_1_46' title='bbox 374 1195 548 1295; x_wconf 90' lang='lat' dir='ltr'><strong>proposito</strong></span> <span class='ocrx_word' id='word_1_47' title='bbox 566 1193 797 1295; x_wconf 83' lang='lat' dir='ltr'><strong>sufficiantque</strong></span> <span class='ocrx_word' id='word_1_48' title='bbox 814 1192 927 1295; x_wconf 90' lang='lat' dir='ltr'><strong>pedes.</strong></span> 
     </span>
     <span class='ocr_line' id='line_1_9' title="bbox 161 1309 1049 1412; baseline 0 -27"><span class='ocrx_word' id='word_1_49' title='bbox 161 1315 207 1385; x_wconf 87' lang='lat' dir='ltr'><strong>Et</strong></span> <span class='ocrx_word' id='word_1_50' title='bbox 223 1312 373 1412; x_wconf 88' lang='lat' dir='ltr'><strong>poteris:</strong></span> <span class='ocrx_word' id='word_1_51' title='bbox 390 1312 492 1385; x_wconf 92' lang='lat' dir='ltr'><strong>modo</strong></span> <span class='ocrx_word' id='word_1_52' title='bbox 512 1309 595 1385; x_wconf 88' lang='lat' dir='ltr'><strong>velle</strong></span> <span class='ocrx_word' id='word_1_53' title='bbox 615 1330 688 1386; x_wconf 81' lang='lat' dir='ltr'><strong>tene</strong></span> <span class='ocrx_word' id='word_1_54' title='bbox 704 1342 712 1385; x_wconf 91' lang='lat'>:</span> <span class='ocrx_word' id='word_1_55' title='bbox 726 1340 816 1385; x_wconf 92' lang='lat' dir='ltr'><strong>nunc</strong></span> <span class='ocrx_word' id='word_1_56' title='bbox 834 1310 966 1385; x_wconf 83' lang='lat' dir='ltr'><strong>sortiter</strong></span> <span class='ocrx_word' id='word_1_57' title='bbox 980 1310 1049 1399; x_wconf 88' lang='lat' dir='ltr'><strong>ire,</strong></span> 
     </span>
     <span class='ocr_line' id='line_1_10' title="bbox 195 1425 992 1529; baseline 0.001 -29"><span class='ocrx_word' id='word_1_58' title='bbox 195 1430 309 1501; x_wconf 66' lang='lat' dir='ltr'><strong>⁴Nunc</strong></span> <span class='ocrx_word' id='word_1_59' title='bbox 324 1457 410 1527; x_wconf 90' lang='lat' dir='ltr'><strong>opus</strong></span> <span class='ocrx_word' id='word_1_60' title='bbox 427 1446 478 1502; x_wconf 91' lang='lat' dir='ltr'><strong>est</strong></span> <span class='ocrx_word' id='word_1_61' title='bbox 496 1425 593 1502; x_wconf 92' lang='lat' dir='ltr'><strong>celeri</strong></span> <span class='ocrx_word' id='word_1_62' title='bbox 612 1426 754 1502; x_wconf 86' lang='lat' dir='ltr'><strong>subdere</strong></span> <span class='ocrx_word' id='word_1_63' title='bbox 771 1425 877 1500; x_wconf 91' lang='lat' dir='ltr'><strong>calcar</strong></span> <span class='ocrx_word' id='word_1_64' title='bbox 894 1454 992 1529; x_wconf 91' lang='lat' dir='ltr'><strong>equo.</strong></span> 
     </span>
     <span class='ocr_line' id='line_1_11' title="bbox 163 1542 876 1645; baseline 0.001 -29"><span class='ocrx_word' id='word_1_65' title='bbox 163 1542 227 1616; x_wconf 94' lang='lat' dir='ltr'><strong>lllo</strong></span> <span class='ocrx_word' id='word_1_66' title='bbox 244 1544 479 1645; x_wconf 83' lang='lat' dir='ltr'><strong>Lotophagos,</strong></span> <span class='ocrx_word' id='word_1_67' title='bbox 498 1543 556 1617; x_wconf 90' lang='lat' dir='ltr'><strong>illo</strong></span> <span class='ocrx_word' id='word_1_68' title='bbox 575 1544 708 1618; x_wconf 86' lang='lat' dir='ltr'><strong>Sirenas</strong></span> <span class='ocrx_word' id='word_1_69' title='bbox 726 1545 761 1621; x_wconf 86' lang='lat' dir='ltr'><strong>iu</strong></span> <span class='ocrx_word' id='word_1_70' title='bbox 778 1562 876 1618; x_wconf 90' lang='lat' dir='ltr'><strong>antro</strong></span> 
     </span>
     <span class='ocr_line' id='line_1_12' title="bbox 211 1660 1235 1760; baseline 0.002 -28"><span class='ocrx_word' id='word_1_71' title='bbox 211 1662 295 1733; x_wconf 82' lang='lat' dir='ltr'><strong>Esse</strong></span> <span class='ocrx_word' id='word_1_72' title='bbox 312 1677 394 1760; x_wconf 92' lang='lat' dir='ltr'><strong>puta</strong></span> <span class='ocrx_word' id='word_1_73' title='bbox 409 1691 416 1733; x_wconf 78' lang='grc' dir='ltr'><strong><em>ε</em></strong></span> <span class='ocrx_word' id='word_1_74' title='bbox 434 1661 533 1734; x_wconf 89' lang='lat' dir='ltr'><strong>remis</strong></span> <span class='ocrx_word' id='word_1_75' title='bbox 552 1661 655 1759; x_wconf 83' lang='lat' dir='ltr'><strong>adjice</strong></span> <span class='ocrx_word' id='word_1_76' title='bbox 673 1660 745 1735; x_wconf 86' lang='lat' dir='ltr'><strong>vela</strong></span> <span class='ocrx_word' id='word_1_77' title='bbox 761 1661 838 1734; x_wconf 90' lang='lat' dir='ltr'><strong>tuis.</strong></span> <span class='ocrx_word' id='word_1_78' title='bbox 1185 1700 1235 1752; x_wconf 82' lang='lat'><strong>79⁰</strong></span> 
     </span>
     <span class='ocr_line' id='line_1_13' title="bbox 163 1776 1157 1878; baseline 0.001 -29"><span class='ocrx_word' id='word_1_79' title='bbox 163 1776 264 1850; x_wconf 90' lang='lat' dir='ltr'><strong>Hunc</strong></span> <span class='ocrx_word' id='word_1_80' title='bbox 282 1806 435 1877; x_wconf 91' lang='lat' dir='ltr'><strong>quoquc,</strong></span> <span class='ocrx_word' id='word_1_81' title='bbox 452 1806 519 1878; x_wconf 93' lang='lat' dir='ltr'><strong>quo</strong></span> <span class='ocrx_word' id='word_1_82' title='bbox 539 1777 708 1878; x_wconf 89' lang='lat' dir='ltr'><strong>quondam</strong></span> <span class='ocrx_word' id='word_1_83' title='bbox 727 1778 867 1850; x_wconf 91' lang='lat' dir='ltr'><strong>nimium</strong></span> <span class='ocrx_word' id='word_1_84' title='bbox 882 1776 983 1850; x_wconf 83' lang='lat' dir='ltr'><strong>rivale</strong></span> <span class='ocrx_word' id='word_1_85' title='bbox 1002 1777 1157 1862; x_wconf 84' lang='lat' dir='ltr'><strong>dolebas,</strong></span> 
     </span>
     <span class='ocr_line' id='line_1_14' title="bbox 119 1891 894 1968; baseline 0.006 -7"><span class='ocrx_word' id='word_1_86' title='bbox 119 1934 132 1954; x_wconf 60' lang='grc' dir='ltr'><em>ι</em></span> <span class='ocrx_word' id='word_1_87' title='bbox 211 1891 340 1967; x_wconf 89' lang='lat' dir='ltr'><strong>Vellem</strong></span> <span class='ocrx_word' id='word_1_88' title='bbox 358 1892 524 1967; x_wconf 81' lang='lat' dir='ltr'><strong>desineres</strong></span> <span class='ocrx_word' id='word_1_89' title='bbox 542 1893 651 1966; x_wconf 87' lang='lat' dir='ltr'><strong>bostis</strong></span> <span class='ocrx_word' id='word_1_90' title='bbox 669 1894 791 1967; x_wconf 88' lang='lat' dir='ltr'><strong>babere</strong></span> <span class='ocrx_word' id='word_1_91' title='bbox 809 1892 894 1968; x_wconf 90' lang='lat' dir='ltr'><strong>loco.</strong></span> 
     </span>
     <span class='ocr_line' id='line_1_15' title="bbox 163 2008 968 2110; baseline 0 -28"><span class='ocrx_word' id='word_1_92' title='bbox 163 2011 211 2082; x_wconf 84' lang='lat' dir='ltr'><strong>At</strong></span> <span class='ocrx_word' id='word_1_93' title='bbox 227 2027 333 2097; x_wconf 86' lang='lat' dir='ltr'><strong>certe,</strong></span> <span class='ocrx_word' id='word_1_94' title='bbox 354 2010 504 2110; x_wconf 89' lang='lat' dir='ltr'><strong>quamvis</strong></span> <span class='ocrx_word' id='word_1_95' title='bbox 522 2011 601 2084; x_wconf 91' lang='lat' dir='ltr'><strong>odio</strong></span> <span class='ocrx_word' id='word_1_96' title='bbox 616 2028 821 2096; x_wconf 83' lang='lat' dir='ltr'><strong>remanente,</strong></span> <span class='ocrx_word' id='word_1_97' title='bbox 840 2008 968 2084; x_wconf 87' lang='lat' dir='ltr'><strong>saluta:</strong></span> 
     </span>
     <span class='ocr_line' id='line_1_16' title="bbox 214 2124 1021 2228; baseline -0.004 -29"><span class='ocrx_word' id='word_1_98' title='bbox 214 2125 339 2200; x_wconf 88' lang='lat' dir='ltr'><strong>Oscula</strong></span> <span class='ocrx_word' id='word_1_99' title='bbox 357 2156 461 2228; x_wconf 90' lang='lat' dir='ltr'><strong>quum</strong></span> <span class='ocrx_word' id='word_1_100' title='bbox 480 2128 607 2228; x_wconf 91' lang='lat' dir='ltr'><strong>poteris</strong></span> <span class='ocrx_word' id='word_1_101' title='bbox 623 2127 689 2225; x_wconf 85' lang='lat' dir='ltr'><strong>jam</strong></span> <span class='ocrx_word' id='word_1_102' title='bbox 708 2125 805 2212; x_wconf 90' lang='lat' dir='ltr'><strong>dare,</strong></span> <span class='ocrx_word' id='word_1_103' title='bbox 825 2152 926 2204; x_wconf 89' lang='lat' dir='ltr'><strong>sanus</strong></span> <span class='ocrx_word' id='word_1_104' title='bbox 945 2124 1021 2198; x_wconf 89' lang='lat' dir='ltr'><strong>eris.</strong></span> 
     </span>
     <span class='ocr_line' id='line_1_17' title="bbox 162 2241 1233 2337; baseline -0.002 -22"><span class='ocrx_word' id='word_1_105' title='bbox 162 2245 247 2317; x_wconf 84' lang='lat' dir='ltr'><strong>Ecce</strong></span> <span class='ocrx_word' id='word_1_106' title='bbox 265 2243 358 2317; x_wconf 90' lang='lat' dir='ltr'><strong>cibos</strong></span> <span class='ocrx_word' id='word_1_107' title='bbox 378 2243 494 2330; x_wconf 87' lang='lat' dir='ltr'><strong>etiam,</strong></span> <span class='ocrx_word' id='word_1_108' title='bbox 509 2243 679 2316; x_wconf 80' lang='lat' dir='ltr'><strong>medicina</strong></span> <span class='ocrx_word' id='word_1_109' title='bbox 694 2241 815 2337; x_wconf 80' lang='lat' dir='ltr'><strong>fungar</strong></span> <span class='ocrx_word' id='word_1_110' title='bbox 831 2258 870 2314; x_wconf 92' lang='lat' dir='ltr'><strong>nt</strong></span> <span class='ocrx_word' id='word_1_111' title='bbox 886 2241 977 2314; x_wconf 93' lang='lat' dir='ltr'><strong>omni</strong></span> <span class='ocrx_word' id='word_1_112' title='bbox 1185 2263 1233 2332; x_wconf 78' lang='lat'><strong>79⁵</strong></span> 
     </span>
     <span class='ocr_line' id='line_1_18' title="bbox 212 2356 1055 2460; baseline -0.006 -27"><span class='ocrx_word' id='word_1_113' title='bbox 212 2361 373 2445; x_wconf 88' lang='lat' dir='ltr'><strong>Munere,</strong></span> <span class='ocrx_word' id='word_1_114' title='bbox 394 2386 478 2459; x_wconf 88' lang='lat' dir='ltr'><strong>quos</strong></span> <span class='ocrx_word' id='word_1_115' title='bbox 495 2358 622 2453; x_wconf 85' lang='lat' dir='ltr'><strong>fugias,</strong></span> <span class='ocrx_word' id='word_1_116' title='bbox 642 2385 767 2460; x_wconf 90' lang='lat' dir='ltr'><strong>quosve</strong></span> <span class='ocrx_word' id='word_1_117' title='bbox 785 2385 941 2459; x_wconf 89' lang='lat' dir='ltr'><strong>sequare,</strong></span> <span class='ocrx_word' id='word_1_118' title='bbox 959 2356 1055 2432; x_wconf 84' lang='lat' dir='ltr'><strong>dabo.</strong></span> 
     </span>
     <span class='ocr_line' id='line_1_19' title="bbox 162 2473 1065 2575; baseline 0 -28"><span class='ocrx_word' id='word_1_119' title='bbox 162 2475 333 2562; x_wconf 89' lang='lat' dir='ltr'><strong>Daunius,</strong></span> <span class='ocrx_word' id='word_1_120' title='bbox 350 2504 391 2548; x_wconf 89' lang='lat' dir='ltr'><strong>an</strong></span> <span class='ocrx_word' id='word_1_121' title='bbox 408 2475 541 2575; x_wconf 85' lang='lat' dir='ltr'><strong>Libycis</strong></span> <span class='ocrx_word' id='word_1_122' title='bbox 558 2473 684 2548; x_wconf 92' lang='lat' dir='ltr'><strong>bulbus</strong></span> <span class='ocrx_word' id='word_1_123' title='bbox 702 2475 765 2548; x_wconf 92' lang='lat' dir='ltr'><strong>tibi</strong></span> <span class='ocrx_word' id='word_1_124' title='bbox 781 2475 903 2549; x_wconf 90' lang='lat' dir='ltr'><strong>missus</strong></span> <span class='ocrx_word' id='word_1_125' title='bbox 919 2476 962 2550; x_wconf 89' lang='lat' dir='ltr'><strong>ab</strong></span> <span class='ocrx_word' id='word_1_126' title='bbox 981 2475 1065 2560; x_wconf 88' lang='lat' dir='ltr'><strong>oris,</strong></span> 
     </span>
     <span class='ocr_line' id='line_1_20' title="bbox 211 2578 928 2687; baseline 0 -23"><span class='ocrx_word' id='word_1_127' title='bbox 211 2592 267 2664; x_wconf 84' lang='lat' dir='ltr'><strong>An</strong></span> <span class='ocrx_word' id='word_1_128' title='bbox 283 2591 393 2664; x_wconf 88' lang='lat' dir='ltr'><strong>veniat</strong></span> <span class='ocrx_word' id='word_1_129' title='bbox 410 2592 572 2687; x_wconf 85' lang='lat' dir='ltr'><strong>Megaris,</strong></span> <span class='ocrx_word' id='word_1_130' title='bbox 586 2592 709 2666; x_wconf 80' lang='lat' dir='ltr'><strong>noxius</strong></span> <span class='ocrx_word' id='word_1_131' title='bbox 727 2578 836 2665; x_wconf 81' lang='lat' dir='ltr'><strong>omnis</strong></span> <span class='ocrx_word' id='word_1_132' title='bbox 855 2591 928 2665; x_wconf 91' lang='lat' dir='ltr'><strong>erit.</strong></span> 
     </span>
     <span class='ocr_line' id='line_1_21' title="bbox 161 2707 903 2810; baseline 0.003 -30"><span class='ocrx_word' id='word_1_133' title='bbox 161 2707 232 2780; x_wconf 89' lang='lat' dir='ltr'><strong>Nec</strong></span> <span class='ocrx_word' id='word_1_134' title='bbox 249 2707 360 2780; x_wconf 90' lang='lat' dir='ltr'><strong>minus</strong></span> <span class='ocrx_word' id='word_1_135' title='bbox 378 2737 492 2782; x_wconf 87' lang='lat' dir='ltr'><strong>erucas</strong></span> <span class='ocrx_word' id='word_1_136' title='bbox 509 2726 624 2810; x_wconf 91' lang='lat' dir='ltr'><strong>aptum</strong></span> <span class='ocrx_word' id='word_1_137' title='bbox 642 2709 744 2782; x_wconf 86' lang='lat' dir='ltr'><strong>vitare</strong></span> <span class='ocrx_word' id='word_1_138' title='bbox 760 2707 903 2796; x_wconf 89' lang='lat' dir='ltr'><strong>salaccs;</strong></span> 
     </span>
     <span class='ocr_line' id='line_1_22' title="bbox 212 2821 1234 2926; baseline -0.001 -33"><span class='ocrx_word' id='word_1_139' title='bbox 212 2823 257 2894; x_wconf 85' lang='lat' dir='ltr'><strong>Et</strong></span> <span class='ocrx_word' id='word_1_140' title='bbox 273 2821 437 2924; x_wconf 91' lang='lat' dir='ltr'><strong>quidquid</strong></span> <span class='ocrx_word' id='word_1_141' title='bbox 454 2825 576 2898; x_wconf 88' lang='lat' dir='ltr'><strong>Veneri</strong></span> <span class='ocrx_word' id='word_1_142' title='bbox 594 2853 737 2926; x_wconf 91' lang='lat' dir='ltr'><strong>corpora</strong></span> <span class='ocrx_word' id='word_1_143' title='bbox 752 2842 867 2899; x_wconf 90' lang='lat' dir='ltr'><strong>nostra</strong></span> <span class='ocrx_word' id='word_1_144' title='bbox 883 2843 987 2926; x_wconf 88' lang='lat' dir='ltr'><strong>parat.</strong></span> <span class='ocrx_word' id='word_1_145' title='bbox 1184 2845 1234 2895; x_wconf 79' lang='lat'><strong>800</strong></span> 
     </span>
     <span class='ocr_line' id='line_1_23' title="bbox 164 2937 861 3039; baseline 0.01 -31"><span class='ocrx_word' id='word_1_146' title='bbox 164 2937 288 3011; x_wconf 81' lang='lat' dir='ltr'><strong>Utilius</strong></span> <span class='ocrx_word' id='word_1_147' title='bbox 306 2966 416 3012; x_wconf 91' lang='lat' dir='ltr'><strong>sumas</strong></span> <span class='ocrx_word' id='word_1_148' title='bbox 433 2960 587 3015; x_wconf 90' lang='lat' dir='ltr'><strong>acuentes</strong></span> <span class='ocrx_word' id='word_1_149' title='bbox 604 2940 735 3039; x_wconf 19' lang='lat' dir='ltr'><strong>lumina*</strong></span> <span class='ocrx_word' id='word_1_150' title='bbox 747 2959 861 3030; x_wconf 89' lang='lat' dir='ltr'><strong>rutas,</strong></span> 
     </span>
     <span class='ocr_line' id='line_1_24' title="bbox 211 3054 989 3159; baseline 0.005 -35"><span class='ocrx_word' id='word_1_151' title='bbox 211 3055 256 3126; x_wconf 85' lang='lat' dir='ltr'><strong>Et</strong></span> <span class='ocrx_word' id='word_1_152' title='bbox 274 3054 439 3155; x_wconf 86' lang='lat' dir='ltr'><strong>quidquid</strong></span> <span class='ocrx_word' id='word_1_153' title='bbox 456 3058 576 3132; x_wconf 90' lang='lat' dir='ltr'><strong>Veneri</strong></span> <span class='ocrx_word' id='word_1_154' title='bbox 593 3087 732 3159; x_wconf 88' lang='lat' dir='ltr'><strong>corpora</strong></span> <span class='ocrx_word' id='word_1_155' title='bbox 747 3076 863 3132; x_wconf 89' lang='lat' dir='ltr'><strong>nostra</strong></span> <span class='ocrx_word' id='word_1_156' title='bbox 880 3076 989 3153; x_wconf 87' lang='lat' dir='ltr'><strong>negat.</strong></span> 
     </span>
     <span class='ocr_line' id='line_1_25' title="bbox 163 3173 1073 3279; baseline 0.002 -33"><span class='ocrx_word' id='word_1_157' title='bbox 163 3173 257 3269; x_wconf 87' lang='lat' dir='ltr'><strong>Quid</strong></span> <span class='ocrx_word' id='word_1_158' title='bbox 277 3174 337 3247; x_wconf 91' lang='lat' dir='ltr'><strong>tibi</strong></span> <span class='ocrx_word' id='word_1_159' title='bbox 355 3177 542 3278; x_wconf 77' lang='lat' dir='ltr'><strong>praecipiam</strong></span> <span class='ocrx_word' id='word_1_160' title='bbox 562 3178 601 3251; x_wconf 90' lang='lat' dir='ltr'><strong>de</strong></span> <span class='ocrx_word' id='word_1_161' title='bbox 619 3179 742 3252; x_wconf 86' lang='lat' dir='ltr'><strong>Bacchi</strong></span> <span class='ocrx_word' id='word_1_162' title='bbox 761 3208 914 3267; x_wconf 86' lang='lat' dir='ltr'><strong>munere,</strong></span> <span class='ocrx_word' id='word_1_163' title='bbox 932 3177 1073 3279; x_wconf 68' lang='lat' dir='ltr'><strong>quaeris?</strong></span> 
     </span>
    </p>
   </div>
   <div class='ocr_carea' id='block_1_3' title="bbox 210 3296 880 3402">
    <p class='ocr_par' dir='ltr' id='par_1_3' title="bbox 210 3296 880 3402">
     <span class='ocr_line' id='line_1_26' title="bbox 210 3296 880 3402; baseline 0.007 -34"><span class='ocrx_word' id='word_1_164' title='bbox 210 3296 278 3397; x_wconf 90' lang='lat' dir='ltr'><strong>Spe</strong></span> <span class='ocrx_word' id='word_1_165' title='bbox 294 3297 428 3373; x_wconf 89' lang='lat' dir='ltr'><strong>brevius</strong></span> <span class='ocrx_word' id='word_1_166' title='bbox 445 3301 581 3374; x_wconf 91' lang='lat' dir='ltr'><strong>monitis</strong></span> <span class='ocrx_word' id='word_1_167' title='bbox 600 3302 771 3402; x_wconf 86' lang='lat' dir='ltr'><strong>expediere</strong></span> <span class='ocrx_word' id='word_1_168' title='bbox 788 3306 880 3376; x_wconf 89' lang='lat' dir='ltr'><strong>meis.</strong></span> 
     </span>
    </p>
   </div>
   <div class='ocr_carea' id='block_1_4' title="bbox 160 3504 1234 4204">
    <p class='ocr_par' dir='ltr' id='par_1_4' title="bbox 160 3504 1234 4204">
     <span class='ocr_line' id='line_1_27' title="bbox 196 3504 1233 3574; baseline 0.005 -21"><span class='ocrx_word' id='word_1_169' title='bbox 196 3520 252 3574; x_wconf 81' lang='lat'>79⁰·</span> <span class='ocrx_word' id='word_1_170' title='bbox 269 3505 334 3554; x_wconf 88' lang='lat' dir='ltr'><strong>Vela</strong></span> <span class='ocrx_word' id='word_1_171' title='bbox 344 3509 402 3556; x_wconf 81' lang='lat' dir='ltr'><strong>lur&#39;s.</strong></span> <span class='ocrx_word' id='word_1_172' title='bbox 413 3505 466 3558; x_wconf 92' lang='lat' dir='ltr'><strong>Hic</strong></span> <span class='ocrx_word' id='word_1_173' title='bbox 474 3504 563 3558; x_wconf 87' lang='lat' dir='ltr'><strong>denuo</strong></span> <span class='ocrx_word' id='word_1_174' title='bbox 572 3506 674 3560; x_wconf 72' lang='lat' dir='ltr'><strong>suitle-</strong></span> <span class='ocrx_word' id='word_1_175' title='bbox 721 3535 755 3551; x_wconf 86' lang='lat'><strong>·-</strong></span> <span class='ocrx_word' id='word_1_176' title='bbox 774 3510 872 3561; x_wconf 78' lang='lat' dir='ltr'><strong>Missus</strong></span> <span class='ocrx_word' id='word_1_177' title='bbox 890 3509 924 3559; x_wconf 82' lang='lat' dir='ltr'><strong>ab</strong></span> <span class='ocrx_word' id='word_1_178' title='bbox 943 3511 1002 3560; x_wconf 65' lang='lat' dir='ltr'><strong>orei.</strong></span> <span class='ocrx_word' id='word_1_179' title='bbox 1022 3507 1066 3559; x_wconf 82' lang='lat' dir='ltr'><strong>Ab</strong></span> <span class='ocrx_word' id='word_1_180' title='bbox 1084 3508 1164 3559; x_wconf 68' lang='lat' dir='ltr'><strong>hortis</strong></span> <span class='ocrx_word' id='word_1_181' title='bbox 1183 3506 1233 3558; x_wconf 87' lang='lat' dir='ltr'><strong>Pu·</strong></span> 
     </span>
     <span class='ocr_line' id='line_1_28' title="bbox 162 3579 1232 3657; baseline 0.003 -25"><span class='ocrx_word' id='word_1_182' title='bbox 162 3579 287 3650; x_wconf 79' lang='lat' dir='ltr'><strong>gendum.</strong></span> <span class='ocrx_word' id='word_1_183' title='bbox 301 3581 377 3638; x_wconf 50' lang='lat' dir='ltr'><strong>He</strong></span> <span class='ocrx_word' id='word_1_184' title='bbox 388 3581 459 3635; x_wconf 88' lang='lat' dir='ltr'><strong>Nihil</strong></span> <span class='ocrx_word' id='word_1_185' title='bbox 472 3584 639 3637; x_wconf 78' lang='lat' dir='ltr'><strong>mutandum.</strong></span> <span class='ocrx_word' id='word_1_186' title='bbox 722 3598 831 3641; x_wconf 78' lang='lat' dir='ltr'><strong>leaneus</strong></span> <span class='ocrx_word' id='word_1_187' title='bbox 838 3583 1191 3657; x_wconf 80' lang='lat' dir='ltr'><strong>prodirersalectione.Vid.</strong></span> <span class='ocrx_word' id='word_1_188' title='bbox 1199 3599 1232 3645; x_wconf 90' lang='lat'><strong>11,</strong></span> 
     </span>
     <span class='ocr_line' id='line_1_29' title="bbox 196 3662 851 3732; baseline 0.008 -22"><span class='ocrx_word' id='word_1_189' title='bbox 196 3662 251 3732; x_wconf 68' lang='lat'><em>794.</em></span> <span class='ocrx_word' id='word_1_190' title='bbox 272 3662 375 3712; x_wconf 84' lang='lat' dir='ltr'><strong>Oscula.</strong></span> <span class='ocrx_word' id='word_1_191' title='bbox 389 3662 446 3714; x_wconf 82' lang='lat' dir='ltr'><strong>Viri</strong></span> <span class='ocrx_word' id='word_1_192' title='bbox 459 3665 539 3716; x_wconf 85' lang='lat' dir='ltr'><strong>etiam</strong></span> <span class='ocrx_word' id='word_1_193' title='bbox 550 3664 619 3718; x_wconf 77' lang='lat' dir='ltr'><strong>viros</strong></span> <span class='ocrx_word' id='word_1_194' title='bbox 629 3684 672 3719; x_wconf 83' lang='lat' dir='ltr'><strong>os-</strong></span> <span class='ocrx_word' id='word_1_195' title='bbox 722 3666 781 3719; x_wconf 78' lang='lat' dir='ltr'><strong>Art.</strong></span> <span class='ocrx_word' id='word_1_196' title='bbox 794 3667 851 3731; x_wconf 68' lang='lat'><strong>4²²·</strong></span> 
     </span>
     <span class='ocr_line' id='line_1_30' title="bbox 161 3737 1233 3815; baseline 0.001 -25"><span class='ocrx_word' id='word_1_197' title='bbox 161 3737 225 3790; x_wconf 84' lang='lat' dir='ltr'><strong>culis</strong></span> <span class='ocrx_word' id='word_1_198' title='bbox 238 3738 393 3792; x_wconf 85' lang='lat' dir='ltr'><strong>salutabant.</strong></span> <span class='ocrx_word' id='word_1_199' title='bbox 404 3739 514 3793; x_wconf 65' lang='lat' dir='ltr'><strong>Donat.</strong></span> <span class='ocrx_word' id='word_1_200' title='bbox 756 3763 812 3815; x_wconf 73' lang='lat'><strong>799.</strong></span> <span class='ocrx_word' id='word_1_201' title='bbox 829 3743 925 3809; x_wconf 63' lang='lat' dir='ltr'><strong>Apsum</strong></span> <span class='ocrx_word' id='word_1_202' title='bbox 936 3749 982 3795; x_wconf 83' lang='lat' dir='ltr'><strong>esl.</strong></span> <span class='ocrx_word' id='word_1_203' title='bbox 994 3744 1076 3795; x_wconf 73' lang='lat' dir='ltr'><strong>Iubeo</strong></span> <span class='ocrx_word' id='word_1_204' title='bbox 1088 3746 1170 3793; x_wconf 79' lang='lat' dir='ltr'><strong>vitare</strong></span> <span class='ocrx_word' id='word_1_205' title='bbox 1180 3739 1233 3792; x_wconf 92' lang='lat' dir='ltr'><strong>duo</strong></span> 
     </span>
     <span class='ocr_line' id='line_1_31' title="bbox 196 3819 1108 3889; baseline 0.002 -20"><span class='ocrx_word' id='word_1_206' title='bbox 196 3820 250 3889; x_wconf 81' lang='lat'>79⁵·</span> <span class='ocrx_word' id='word_1_207' title='bbox 264 3819 332 3870; x_wconf 84' lang='lat' dir='ltr'><strong>Ecce</strong></span> <span class='ocrx_word' id='word_1_208' title='bbox 340 3822 411 3870; x_wconf 80' lang='lat' dir='ltr'><strong>cibos</strong></span> <span class='ocrx_word' id='word_1_209' title='bbox 421 3830 468 3872; x_wconf 84' lang='lat' dir='ltr'><strong>etc.</strong></span> <span class='ocrx_word' id='word_1_210' title='bbox 479 3819 559 3873; x_wconf 83' lang='lat' dir='ltr'><strong>Cibos</strong></span> <span class='ocrx_word' id='word_1_211' title='bbox 567 3839 671 3889; x_wconf 86' lang='lat' dir='ltr'><strong>quoque</strong></span> <span class='ocrx_word' id='word_1_212' title='bbox 721 3820 798 3874; x_wconf 89' lang='lat' dir='ltr'><strong>libri:</strong></span> <span class='ocrx_word' id='word_1_213' title='bbox 811 3828 898 3888; x_wconf 78' lang='lat' dir='ltr'><strong>aplum</strong></span> <span class='ocrx_word' id='word_1_214' title='bbox 908 3825 1015 3881; x_wconf 66' lang='lat' dir='ltr'><strong>coslare,</strong></span> <span class='ocrx_word' id='word_1_215' title='bbox 1032 3839 1108 3872; x_wconf 84' lang='lat' dir='ltr'><strong>unus.</strong></span> 
     </span>
     <span class='ocr_line' id='line_1_32' title="bbox 160 3893 1232 3965; baseline 0.002 -18"><span class='ocrx_word' id='word_1_216' title='bbox 160 3893 298 3949; x_wconf 88' lang='lat' dir='ltr'><strong>libidinem</strong></span> <span class='ocrx_word' id='word_1_217' title='bbox 313 3898 464 3964; x_wconf 79' lang='lat' dir='ltr'><strong>incitantes,</strong></span> <span class='ocrx_word' id='word_1_218' title='bbox 478 3898 599 3954; x_wconf 79' lang='lat' dir='ltr'><strong>vitandos</strong></span> <span class='ocrx_word' id='word_1_219' title='bbox 613 3902 656 3952; x_wconf 88' lang='lat' dir='ltr'><strong>ait.</strong></span> <span class='ocrx_word' id='word_1_220' title='bbox 756 3899 813 3952; x_wconf 84' lang='lat'><strong>800.</strong></span> <span class='ocrx_word' id='word_1_221' title='bbox 821 3901 932 3965; x_wconf 80' lang='lat' dir='ltr'><strong>Corpora</strong></span> <span class='ocrx_word' id='word_1_222' title='bbox 943 3905 1037 3951; x_wconf 65' lang='lat' dir='ltr'><strong>nostra.</strong></span> <span class='ocrx_word' id='word_1_223' title='bbox 1053 3901 1142 3950; x_wconf 73' lang='lat' dir='ltr'><strong>Vestra</strong></span> <span class='ocrx_word' id='word_1_224' title='bbox 1154 3896 1232 3951; x_wconf 83' lang='lat' dir='ltr'><strong>hicet</strong></span> 
     </span>
     <span class='ocr_line' id='line_1_33' title="bbox 197 3975 1231 4049; baseline -0.001 -20"><span class='ocrx_word' id='word_1_225' title='bbox 197 3997 251 4049; x_wconf 82' lang='lat'>797.</span> <span class='ocrx_word' id='word_1_226' title='bbox 270 3981 389 4030; x_wconf 73' lang='lat' dir='ltr'><strong>Daunius</strong></span> <span class='ocrx_word' id='word_1_227' title='bbox 408 3982 504 4030; x_wconf 86' lang='lat' dir='ltr'><strong>bulbus.</strong></span> <span class='ocrx_word' id='word_1_228' title='bbox 523 3978 623 4031; x_wconf 85' lang='lat' dir='ltr'><strong>Bulbus</strong></span> <span class='ocrx_word' id='word_1_229' title='bbox 642 3998 673 4031; x_wconf 84' lang='lat' dir='ltr'><strong>ex</strong></span> <span class='ocrx_word' id='word_1_230' title='bbox 721 3978 842 4047; x_wconf 80' lang='lat' dir='ltr'><strong>sequenti</strong></span> <span class='ocrx_word' id='word_1_231' title='bbox 850 3987 1027 4047; x_wconf 85' lang='lat' dir='ltr'><strong>pentametro,</strong></span> <span class='ocrx_word' id='word_1_232' title='bbox 1035 3976 1088 4029; x_wconf 90' lang='lat' dir='ltr'><strong>duo</strong></span> <span class='ocrx_word' id='word_1_233' title='bbox 1096 3975 1162 4030; x_wconf 87' lang='lat' dir='ltr'><strong>libri.</strong></span> <span class='ocrx_word' id='word_1_234' title='bbox 1171 3975 1231 4029; x_wconf 86' lang='lat' dir='ltr'><strong>Vid.</strong></span> 
     </span>
     <span class='ocr_line' id='line_1_34' title="bbox 162 4053 872 4126; baseline 0.004 -22"><span class='ocrx_word' id='word_1_235' title='bbox 162 4053 274 4122; x_wconf 84' lang='lat' dir='ltr'><strong>Apulia,</strong></span> <span class='ocrx_word' id='word_1_236' title='bbox 287 4075 367 4125; x_wconf 87' lang='lat' dir='ltr'><strong>quem</strong></span> <span class='ocrx_word' id='word_1_237' title='bbox 380 4066 438 4125; x_wconf 82' lang='lat' dir='ltr'><strong>post</strong></span> <span class='ocrx_word' id='word_1_238' title='bbox 450 4056 587 4110; x_wconf 78' lang='lat' dir='ltr'><strong>Africanos</strong></span> <span class='ocrx_word' id='word_1_239' title='bbox 600 4096 607 4121; x_wconf 92' lang='lat'><strong>,</strong></span> <span class='ocrx_word' id='word_1_240' title='bbox 625 4077 672 4109; x_wconf 83' lang='lat' dir='ltr'><strong>seu</strong></span> <span class='ocrx_word' id='word_1_241' title='bbox 722 4055 804 4110; x_wconf 90' lang='lat' dir='ltr'><strong>modo</strong></span> <span class='ocrx_word' id='word_1_242' title='bbox 817 4057 872 4126; x_wconf 81' lang='lat'>768.</span> 
     </span>
     <span class='ocr_line' id='line_1_35' title="bbox 163 4128 1234 4204; baseline 0.007 -24"><span class='ocrx_word' id='word_1_243' title='bbox 163 4128 272 4202; x_wconf 82' lang='lat' dir='ltr'><strong>Libycos</strong></span> <span class='ocrx_word' id='word_1_244' title='bbox 291 4133 379 4187; x_wconf 83' lang='lat' dir='ltr'><strong>laudat</strong></span> <span class='ocrx_word' id='word_1_245' title='bbox 400 4133 520 4200; x_wconf 87' lang='lat' dir='ltr'><strong>Plinius,</strong></span> <span class='ocrx_word' id='word_1_246' title='bbox 540 4134 583 4188; x_wconf 89' lang='lat' dir='ltr'><strong>lib.</strong></span> <span class='ocrx_word' id='word_1_247' title='bbox 597 4135 671 4188; x_wconf 87' lang='lat' dir='ltr'><strong>xlx.</strong></span> <span class='ocrx_word' id='word_1_248' title='bbox 755 4135 812 4201; x_wconf 74' lang='lat'><strong>804.</strong></span> <span class='ocrx_word' id='word_1_249' title='bbox 830 4136 945 4188; x_wconf 82' lang='lat' dir='ltr'><strong>Mone‘lus</strong></span> <span class='ocrx_word' id='word_1_250' title='bbox 956 4135 1234 4204; x_wconf 67' lang='lat' dir='ltr'><strong>experr&#39;eremeosM0-</strong></span> 
     </span>
    </p>
   </div>
   <div class='ocr_carea' id='block_1_5' title="bbox 0 0 1404 4702">
    <p class='ocr_par' dir='ltr' id='par_1_5' title="bbox 0 0 1404 4702">
     <span class='ocr_line' id='line_1_36' title="bbox 0 0 1404 4702; baseline 0 0"><span class='ocrx_word' id='word_1_251' title='bbox 0 0 1404 4702; x_wconf 95' lang='lat' dir='ltr'><strong> </strong></span> 
     </span>
    </p>
   </div>
  </div>
 </body>
</html>
