2798 4702
333 340 569 409 AMORUM
602 346 678 411 Ill.
706 344 856 414 ELEG.
888 347 997 417 XIV.

1133 353 1196 417 223

178 482 224 553 Et
240 478 352 580 pudor
368 480 563 555 obscoenum
580 481 762 557 diffiteatur
778 512 873 584 opus.

130 599 183 672 Ila
199 597 350 699 populo,
369 598 412 672 da
427 598 528 672 verba
543 599 625 671 mihi
641 630 648 673 :
667 601 738 673 sine
756 601 887 675 nescius
904 631 1029 693 errem;

180 715 224 785 Et
241 711 339 787 liceat
353 711 456 786 stulta
473 713 665 788 credulitate
683 714 758 788 lrui.

135 829 204 902 Cur
221 829 319 902 toties
336 828 433 902 video
449 829 538 902 mitti
553 831 723 930 recipique
741 829 906 905 tabellas?

183 947 253 1021 Cur
268 974 404 1048 pressus
419 947 513 1046 prior
530 964 581 1021 est
596 948 801 1048 interiorque
819 950 939 1021 torus?

134 1065 206 1138 Cur
221 1061 316 1164 plus,
332 1089 432 1162 quam
451 1090 584 1151 somno,
602 1063 756 1137 turbatos
775 1093 845 1138 csse
862 1063 1018 1164 capillos,

184 1179 345 1281 Collaque
359 1180 530 1279 conspicio
548 1179 657 1253 dentis
674 1179 797 1254 habere
816 1184 958 1254 notam?

134 1303 280 1373 Tantum
297 1325 367 1369 non
386 1295 502 1369 oculos
520 1295 643 1369 crimen
662 1294 796 1369 deducis
816 1297 856 1369 ad
874 1298 987 1397 ipsos:
1171 1321 1203 1373 35

182 1414 219 1487 Si
238 1412 371 1486 dubitas
388 1411 482 1485 famae
499 1438 649 1511 parcere,
666 1441 764 1512 parce
782 1412 874 1483 mihi.
934 1472 936 1474 .

136 1531 235 1604 Mens
252 1529 338 1616 abit,
354 1547 388 1602 et
405 1527 548 1614 morior,
567 1528 700 1628 quoties
717 1557 870 1629 peccasse
887 1529 1022 1618 lateris;

183 1646 315 1745 Perque
332 1673 424 1721 meos
441 1662 533 1719 artus
551 1644 672 1740 frigida
690 1662 784 1740 gutta
801 1645 883 1719 lluit.

137 1771 233 1842 Tunc
252 1797 350 1842 amo:
367 1786 445 1842 tunc
463 1769 521 1842 odi
536 1768 675 1858 frustra,
691 1769 784 1870 quod
802 1799 909 1843 amare
927 1798 1059 1845 necesse
1077 1787 1137 1846 cst.

185 1894 283 1965 Tunc
300 1920 383 1987 ego,
402 1891 461 1966 sed
480 1909 605 1980 tecum,
623 1910 777 1966 mortuus
795 1922 866 1968 esse
884 1893 992 1967 velim.
1176 1913 1210 1982 40

138 2013 196 2088 Nil
214 2014 366 2114 equidem
381 2014 565 2114 inquirarm
584 2042 661 2103 nec,
677 2043 750 2114 quoe
768 2014 872 2089 celare
890 2017 1040 2116 parabis,

188 2141 365 2239 Insequar;
381 2156 415 2211 et
431 2136 505 2210 falsi
524 2137 672 2211 criminis
689 2139 795 2212 instar
811 2139 882 2213 crit.

140 2261 177 2333 si
195 2279 302 2335 tamen
320 2261 356 2334 in
373 2258 480 2333 media
500 2257 661 2360 deprensa
680 2261 833 2335 tenebere
851 2260 970 2362 culpa,

187 2386 233 2458 Et
248 2383 374 2457 fuerint
391 2381 497 2456 oculis
514 2384 639 2484 probra
656 2384 799 2457 videnda
818 2384 923 2474 meis,

142 2509 226 2607 Quae
241 2509 326 2583 bene
343 2509 412 2582 visa
428 2509 512 2581 mihi
528 2507 669 2597 fuerint,
682 2510 768 2583 bene
786 2510 855 2583 visa
872 2527 992 2604 negato
1008 2539 1016 2581 :
1179 2529 1212 2597 45

191 2631 385 2705 Concedent
402 2631 513 2704 verbis
530 2630 658 2705 lumina
673 2650 788 2705 nostra
806 2632 882 2705 tuis.

175 2852 215 2918 34.
233 2853 350 2919 Collaque
367 2856 499 2925 conspicis.
516 2854 656 2919 Conpositi
700 2854 776 2923 eulpa
789 2853 903 2916 librarii;
918 2850 989 2922 quod
1000 2869 1083 2920 quum
1093 2850 1211 2905 literator

143 2932 225 2981 dentis
236 2929 393 2983 Hasniensis.
405 2930 544 2997 Conspr'cno
551 2931 653 2999 Neapo·

145 3008 246 3061 litanus.
260 3009 329 3078 Lege
340 3049 348 3074 ‚
361 3014 494 3077 conspicui
500 3013 590 3062 dentes.
601 3011 639 3062 H.

177 3086 216 3154 37.
227 3088 301 3139 Mem
310 3090 373 3139 abst.
384 3089 461 3154 ani!
471 3087 657 3141 Samarianua:

146 3172 176 3214 ut
183 3163 225 3215 lib.
234 3179 272 3229 tt,
286 3164 358 3216 Artis
368 3204 375 3231 ,
387 3169 483 3216 mt'serae
490 3184 605 3233 mensque
612 3185 658 3218 co·

145 3245 227 3310 larque
231 3242 309 3310 suget.
325 3243 441 3313 Epistola
451 3243 585 3313 Dejanirae
597 3247 657 3299 135:

146 3333 204 3370 Mem
216 3333 266 3381 sugit
280 3333 394 3382 admonium
407 3334 509 3386 frigusque
523 3335 647 3386 perambulat

222 3414 283 3443 artus.

149 3482 261 3551 Vulgata
269 3493 357 3534 tamen
366 3482 579 3554 lectioprobaest.
588 3484 658 3537 Fas-

149 3574 239 3616 torum
255 3579 295 3628 n,
312 3562 378 3633 753:

146 3647 204 3685 Mem
212 3647 254 3684 altit
260 3655 280 3684 et
288 3648 373 3693 metior,
384 3646 460 3698 quoties
468 3647 573 3697 pugnantis
583 3647 647 3695 imago

170 3722 205 3761 tte
215 3721 277 3759 subit.
552 3723 620 3760 lm.

179 3794 219 3847 38.
232 3796 308 3846 murt.
322 3795 400 3846 Cadit
409 3794 542 3848 Palatinus
553 3793 627 3846 alter.

180 3874 219 3945 39
234 3875 304 3927 Tunc
310 3894 382 3935 amo,
392 3882 452 3927 tnnc
462 3877 511 3927 odi.
520 3870 660 3940 Tanaquil.

149 3951 234 4004 Faber
250 3952 283 4005 ad
295 3952 401 4006 Lucret.
413 3952 457 4004 lib.
468 3968 508 4016 11,
524 3951 660 4015 tentabat,

152 4033 223 4084 Tunc
239 4036 291 4086 ab!
307 4040 368 4085 tunc
385 4035 432 4083 odi
438 4031 540 4099 frustra
551 4050 559 4081 .·
571 4047 662 4081 amans

149 4131 198 4180 pro
209 4132 294 4168 amens
305 4122 440 4166 exaratum
452 4119 508 4163 erat
517 4107 661 4162 alsmantia

702 2951 841 2985 nonnemo
850 2932 978 2984 sentiebat
986 2930 1049 2982 serri
1059 2948 1113 2981 non
1123 2948 1196 2998 posse
1206 2968 1214 2996 ‚

705 3023 733 3066 et
750 3032 855 3081 peceare
874 3012 900 3063 in
918 3010 987 3079 leges
1003 3009 1139 3074 metricas,
1158 3027 1216 3060 amo

705 3099 765 3145 tnnc
775 3091 899 3160 reposuit.
913 3090 1014 3143 Httrrts.

739 3170 780 3234 42.
799 3171 836 3220 Et
842 3169 914 3235 salsi
931 3172 1044 3220 crimr'm's
1063 3172 1147 3218 altstat
1163 3171 1217 3219 err'l.

706 3245 792 3298 Modo
806 3264 901 3314 neges,
919 3244 982 3297 salso
1000 3254 1024 3297 te
1041 3242 1149 3296 lascivias
1160 3243 1217 3296 rri-

706 3324 786 3377 minis
800 3332 945 3377 accusatam
961 3322 1081 3374 censebo.
1100 3349 1133 3360 -
1145 3323 1223 3372 nacte

707 3409 815 3457 muneris
824 3403 937 3473 optimus
946 3402 1054 3455 Palatin.
1066 3423 1073 3463 ς
1086 3412 1111 3453 at
1124 3401 1151 3452 in
1162 3402 1219 3453 Pu·

707 3493 812 3548 teaneo,
821 3482 923 3534 Sarrav.
931 3490 957 3532 et
965 3479 1080 3548 quinque
1088 3478 1225 3544 aliis‚salsi

708 3569 824 3616 muneris.
840 3561 883 3616 Nil
898 3573 991 3626 muto,
1007 3560 1056 3612 nisi
1068 3558 1139 3627 quod
1149 3558 1219 3610 scri-

707 3641 827 3694 bendum
844 3649 908 3709 puto
917 3678 925 3704 ‚
931 3638 1004 3705 salsi
1015 3640 1127 3689 crt'nn'm's
1138 3641 1221 3688 r'nstar

708 3730 780 3775 erun!
785 3763 791 3783 ‚
806 3720 950 3784 nimirum,
962 3720 1122 3784 quaeparabis
1129 3719 1218 3767 celare.

742 3802 782 3865 45.
791 3800 896 3862 Negata.
903 3798 1008 3862 rl'egabo
1014 3793 1185 3846 Sarravianus
1192 3800 1220 3845 et

710 3877 809 3933 Mureti
826 3876 933 3944 primus.

744 3958 782 4024 46.
795 3958 937 4008 Concedent
944 3956 1128 4005 verbr'slumr‘na
1133 3958 1219 4004 nostra

709 4041 766 4088 tm's.
775 4033 825 4085 Vel
833 4050 890 4100 quae
898 4030 1009 4083 viderim
1017 4031 1071 4100 ipse
1079 4070 1087 4097 ,
1096 4049 1153 4084 nou
1160 4047 1220 4084 cre-

711 4115 789 4182 dam,
804 4114 825 4167 si
837 4111 980 4184 negaveris.
